5210 6768
1359 943 1406 1040 vi

794 1261 1040 1383 Quamvis
1076 1268 1379 1367 numismata
1410 1265 1515 1366 fere
1547 1267 1732 1385 omnia,
1771 1301 1902 1404 quae
1939 1304 2074 1367 nunc

689 1473 1026 1610 promulgavi,
1072 1475 1362 1612 nuperrime
1404 1513 1434 1572 a
1476 1511 1555 1572 me
1598 1474 1857 1612 acquisita,
1905 1473 2075 1573 curavi

687 1702 874 1800 tamen,
916 1703 971 1780 ut
1002 1682 1378 1819 quamprimum
1414 1681 1516 1778 aeri
1545 1639 1830 1795 incidenda,
1870 1700 1922 1776 et
1946 1677 2074 1814 pub-

689 1887 771 1988 lici
788 1887 919 2026 juris
944 1911 1124 2008 essent,
1159 1909 1211 1987 et
1234 1923 1406 1987 omnes
1433 1887 1577 2025 quasi
1603 1924 1778 1988 eorum
1803 1886 2075 2024 participes

690 2096 884 2200 fierent.

798 2509 930 2614 Cum
966 2551 1152 2652 magna
1193 2551 1333 2614 meae
1371 2511 1740 2652 appendiculae
1779 2550 1896 2652 pars
1938 2511 2076 2652 typis

693 2721 1032 2841 mandaretur,
1060 2719 1274 2821 alterum
1299 2757 1623 2820 nummorum
1647 2719 1960 2860 Populorum
1981 2717 2078 2822 Ur·

692 2928 938 3068 biumque
964 2967 1027 3027 ex
1054 2966 1169 3028 aere
1194 2966 1426 3029 acervum
1451 2929 1876 3066 opportunissime
1901 2951 2079 3030 nactus

692 3137 789 3260 fui3
818 3136 1024 3273 dequo,
1045 3158 1341 3236 autonomos
1360 3136 1556 3272 aliquos
1574 3137 1764 3255 unicos,
1786 3137 1864 3236 vel
1886 3173 2081 3236 summa

693 3344 915 3463 raritate,
967 3366 1019 3443 et
1058 3345 1280 3444 novitate
1321 3343 1623 3480 praeclaros,
1668 3343 1840 3480 selegi.
1939 3341 2081 3443 Inter

695 3551 861 3670 urbes,
906 3550 1203 3652 Antandros
1254 3545 1471 3688 Mysiae,
1524 3546 1812 3685 Perperene
1862 3547 2079 3687 Mysiae,

699 3757 836 3857 Nola
884 3755 1211 3895 Campaniae,
1261 3709 1625 3893 Amphissam
1667 3753 1841 3858 Locris
1892 3755 2079 3877 Ozolia,

695 3922 912 4065 Arsinoe
952 3961 1151 4083 Cretae,
1189 3962 1407 4064 Acrasus
1442 3961 1653 4102 Lydiae,
1691 3959 1800 4062 Aea
1833 3959 2076 4100 Syrticae,

699 4168 907 4274 Conane
940 4169 1401 4309 Pisidiae,.Sicyon
1425 4167 1663 4288 Achaiae,
1701 4167 2083 4272 Halicarnassus

701 4371 899 4495 Cariae,
927 4372 1163 4476 Colossae
1189 4371 1463 4514 Phrygiae,
1503 4413 1619 4476 cum
1642 4373 1782 4513 Tyra
1808 4375 2084 4478 Sarmatiae

699 4581 1014 4720 Europaeae,
1035 4605 1214 4719 postea
1232 4531 1432 4721 adepta,
1453 4580 1753 4720 conspicuae
1773 4606 1911 4708 sunt3
1939 4621 2082 4724 quas,

700 4827 816 4890 cum
841 4789 965 4908 aliis,
994 4827 1124 4929 quae
1151 4789 1368 4890 nummis
1393 4825 1566 4889 earum
1591 4809 1739 4890 antea
1756 4789 1981 4927 prolatis,
2007 4813 2085 4926 ty·

674 4989 679 5000 ’
701 5033 888 5134 porum
905 4997 983 5096 vel
1003 4994 1396 5136 epigrapharum
1417 4992 1752 5097 differentiam
1773 5020 2084 5135 proponunt,

698 5206 958 5306 occasione
1001 5205 1188 5325 oblata,
1230 5205 1496 5344 descripsi,
1537 5230 1589 5308 et
1627 5206 1693 5308 ad
1730 5205 1879 5343 hujus
1920 5213 2086 5343 operis
