5210 6768
1379 889 1447 979 32

777 1142 848 1228 Sil.
871 1145 967 1230 Ital.
989 1149 1218 1262 Argonaut.
1278 1152 1373 1236 Lib.
1394 1161 1434 1235 2.

857 1307 951 1390 Jam
952 1313 1063 1420 juga
1076 1311 1274 1412 Percotes,
1293 1309 1535 1424 Pariumque
1552 1312 1698 1423 ieffame
1703 1313 1884 1426 fragosis

861 1467 1125 1581 Exsuperaat,
1148 1473 1411 1586 Pythiamque
1428 1478 1549 1558 vade's.

779 1679 958 1765 Nummi
974 1683 1095 1796 hujus
1110 1685 1225 1767 urbis
1242 1685 1359 1768 aenei
1376 1685 1430 1768 da
1443 1685 1642 1768 radorutn
1660 1713 1834 1770 numero
1848 1703 1957 1770 sunt„
2018 1683 2089 1786 Hi,

693 1860 862 1954 propter
876 1862 1095 1956 protomen
1115 1845 1347 1944 Minervae,
1368 1864 1409 1930 et
1427 1875 1760 1961 monogramma,
1780 1848 2024 1959 peculiares.

1009 2265 1390 2374 PELUSIUM
1426 2267 1772 2376 AEGYPTI.

1096 2497 1237 2612 Caput
1254 2499 1441 2584 imberbe
1459 2503 1682 2615 galeatum.

909 2721 1202 2824 ΠΕΔΥΟΙΩΝ.
1262 2693 1495 2798 Bosetana.
1554 2715 1668 2799 Inter
1685 2743 1806 2800 crura
1823 2726 1873 2800 N.

1247 2921 1330 2990 Tab.
1353 2931 1384 2988 ⁵.
1410 2921 1483 3011 Fig.
1510 2934 1537 2990 l.

780 3109 942 3193 Lucan.
962 3109 988 3190 l.
1007 3117 1046 3194 8.

697 3387 699 3392 ι
858 3271 910 3352 In
926 3273 1028 3353 vada
1051 3271 1227 3353 decurrit
1246 3269 1406 3353 Pelusia
1424 3273 1604 3384 septimas
1621 3275 1753 3358 amnis.

778 3481 1069 3566 Autonomum
1088 3481 1209 3593 hujus
1226 3481 1406 3564 civitatis
1425 3507 1549 3563 nemo
1567 3497 1691 3564 antea
1710 3483 1920 3594 produxit.

995 3893 1231 4000 PETRA
1269 3891 1794 4047 MARMAacha

967 4135 1108 4250 Caput
1128 4137 1318 4222 Herculis
1338 4137 1467 4220 leonis
1487 4137 1630 4249 spoliis
1655 4151 1826 4220 tactum.

694 4357 1014 4432 ΠΕΤΡΕΙΝΩΝ.
1075 4349 1233 4434 Mulier
1261 4307 1413 4432 stolata
1431 4364 1544 4431 stans
1551 4377 1563 4442 ;
1593 4347 1634 4430 d.
1664 4347 1774 4452 elata
1781 4375 1793 4440 ;
1822 4375 1853 4429 s.
1872 4344 2092 4428 columnae

1317 4509 1475 4594 innixa.

1250 4718 1331 4786 Tab.
1355 4727 1387 4786 5.
1407 4719 1482 4807 Fig.
1501 4727 1535 4786 Ω.

778 4909 969 5008 Aeaeum
998 4910 1143 4992 tertiae
1180 4907 1341 4992 formae
1374 4906 1508 4991 edidit
1543 4903 1800 5001 Pellen‘nius,
1837 4903 1881 4984 in
1917 4927 2004 5012 quo
2033 4901 2094 4982 la-

694 5071 803 5183 gitur
832 5079 902 5152 HE
932 5079 1016 5155 PA.
1037 5087 1079 5154 et
1097 5069 1153 5156 ad
1170 5069 1294 5153 'hunc
1316 5067 1597 5152 Marman'cae
1617 5081 1784 5178 portum
1803 5089 1901 5148 eum
1926 5062 2091 5154 tribuit;
