5210 6768
502 1405 883 1534 SELECTA
910 1407 1441 1536 NUMISMATA
1473 1407 1837 1537 GRAECA.

917 1744 1412 1798 *-

818 1985 1122 2090 ABDERA
1144 1981 1537 2092 THRACIAE.

641 2197 1001 2311 nannninmr.
1060 2223 1199 2338 Caput
1210 2227 1394 2338 juvenile
1413 2227 1457 2310 in
1475 2229 1695 2338 quadrato.

741 2434 941 2547 Gryphus
959 2435 1105 2518 alatne.
1168 2435 1255 2519 Sub
1274 2437 1451 2549 pedibus
1468 2439 1601 2524 clava.

1024 2641 1107 2709 Tab.
1134 2653 1162 2709 1.
1187 2643 1262 2732 Fig.
1290 2656 1318 2710 1.

562 2827 677 2912 Urbs
697 2831 777 2911 ista
795 2857 877 2910 non
904 2829 1038 2911 solum
1068 2828 1357 2914 Democritum
1387 2833 1623 2944 physicum,
1652 2859 1795 2917 verum
1826 2849 1867 2916 ct

479 2987 762 3102 Protagoram,
800 3005 841 3072 et
873 2989 1185 3088 Anaxarchum,
1229 2991 1514 3104 plurimosque
1548 2996 1651 3079 alios
1686 2995 1867 3107 insignes

477 3151 587 3233 viros
605 3150 713 3232 tulit.

562 3359 740 3442 Nummi
777 3357 971 3442 Abderae
1012 3361 1130 3444 aenei
1176 3362 1282 3445 inter
1326 3363 1556 3446 rarissimos
1604 3363 1867 3476 adsignandi.

481 3521 566 3605 Hic
597 3521 716 3604 clava
746 3521 979 3631 insignitus.

608 3837 611 3845 ’
686 3825 1087 3933 ACANTHUS
1129 3824 1649 3934 MACEDONIAE.

630 4068 633 4074 '
885 4064 1222 4178 Caputimberbe
1233 4067 1455 4179 galeatum.

860 4285 1022 4360 AKAN.
1049 4279 1157 4362 intra
1188 4295 1303 4362 rotae
1331 4277 1482 4362 radios.

1020 4485 1102 4553 Tab.
1129 4497 1157 4552 l.
1180 4487 1253 4576 Fig.
1274 4497 1307 4554 Ω.

564 4662 679 4752 Urbs
707 4669 999 4780 antiquissima
1016 4689 1057 4756 et
1078 4673 1278 4784 opulenta
1304 4703 1330 4755 a
1356 4670 1555 4758 Romanis
1582 4671 1624 4756 vi
1650 4687 1790 4783 capta,
1817 4681 1868 4756 ac

478 4829 653 4942 direpta.
709 4829 763 4914 V.
784 4831 835 4916 C.
851 4839 947 4916 550.
1009 4833 1101 4918 Vide
1117 4835 1205 4918 Liv.
1225 4837 1289 4918 lib.
1308 4845 1379 4935 31,
1398 4865 1482 4946 cop.
1501 4839 1570 4922 45.

562 4989 831 5075 Numismata
841 4992 964 5104 hujus
976 4993 1089 5076 urbis
1108 5023 1238 5080 aenea
1256 4997 1361 5082 inter
1378 4997 1581 5079 rarissima
1596 4995 1867 5082 collocantur.

478 5148 542 5232 Ci.
566 5148 804 5234 Pellcrinius
829 5181 961 5236 unum
992 5183 1076 5238 non
1103 5158 1313 5268 produxit.
1371 5157 1573 5244 Nostrum
1592 5157 1736 5242 abillo
1755 5190 1782 5243 a
1800 5157 1865 5244 Cl.

478 5307 656 5396 Combio
676 5311 802 5412 edito,
819 5313 1025 5399 diversum
1041 5335 1114 5402 est.

965 5479 966 5482 κ
1157 5456 1184 5509 n
