5282 6768
1165 943 1322 1118 ,57'

642 1265 849 1353 Homerus
885 1269 1095 1369 nimirum,
1132 1299 1158 1355 e
1190 1269 1318 1356 Samo
1357 1271 1541 1357 Athenas
1579 1269 1853 1383 profecnnns,
1890 1265 1946 1352 sd

556 1427 665 1513 hanc
681 1430 861 1514 insulam
877 1427 1061 1544 appulin
1088 1445 1131 1514 et
1147 1431 1192 1514 in
1208 1455 1359 1516 saxoso
1377 1431 1529 1532 littore,
1548 1431 1697 1516 morbo
1717 1445 1947 1544 correptus,

556 1563 712 1676 interiit
742 1608 784 1675 et
813 1592 999 1704 sepultus
1026 1609 1099 1676 est
1157 1591 1211 1676 In
1229 1595 1385 1680 vertioe
1413 1597 1530 1706 rupis
1556 1610 1646 1678 erat
1671 1593 1894 1706 oppidum,
1923 1619 1950 1676 e

558 1779 646 1863 quo
675 1755 941 1846 καταξαινοντις
969 1794 1035 1838 την
1064 1790 1102 1838 ιιι
1132 1795 1193 1856 της
1217 1779 1335 1850 evolsos
1360 1755 1602 1871 απιςχολαζον
1620 1792 1719 1872 παρα
1739 1791 1787 1837 w
1807 1769 1945 1869 Ομημ,

557 1913 855 2024 Opidanornm
883 1911 1029 2022 aliqui,
1054 1913 1232 1998 subinde
1260 1909 1573 2014 descendentes,
1599 1913 1831 2028 aegrotanti
1859 1911 1948 1998 Ho-

555 2102 670 2159 mero
688 2101 862 2186 operam
881 2073 1053 2156 dabant.

641 2233 797 2322 Herod.
819 2235 863 2320 in
885 2233 985 2318 Vita
1003 2233 1191 2318 Homeri.

723 2393 854 2480 Essoels
875 2435 933 2490 την
952 2435 1030 2512 “W
1048 2417 1200 2494 κεφαλην
1219 2431 1318 2479 κατα
1335 2431 1426 2497 ’γαια
1444 2414 1638 2488 assumo,

720 2553 843 2669 Auleon
861 2591 964 2668 senos
989 2591 1186 2668 κοσμητορα
1205 2557 1294 2637 ion
1313 2571 1456 2667 Ομηρον.

640 2715 778 2828 Hujus
812 2713 980 2798 Insulae
1005 2715 1168 2796 nummi
1198 2715 1306 2796 inter
1334 2713 1506 2797 rariores
1536 2711 1734 2798 habendi.
1795 2709 1949 2800 Noster

553 2877 643 2962 aliis
662 2877 785 2962 editis
805 2873 996 2960 nonnihil
1015 2873 1221 2969 diversns3
1250 2891 1293 2958 et
1309 2873 1522 2960 volumine
1541 2871 1750 2959 notabilis.

835 3193 1116 3298 LEUCAS
1156 3194 1664 3301 ACARNANIAE.

814 3433 956 3547 Caput
980 3435 1169 3520 Herculis
1188 3435 1320 3519 leonis
1336 3437 1495 3521 exuviis
1513 3453 1684 3524 tectum.

554 3648 889 3730 ΔΕΥΚΔΔΙΩΝ.
948 3647 1249 3727 ΔΑΔΡΩΝΙΔ.
1313 3641 1458 3732 clava„
1516 3647 1679 3733 Omnis
1705 3649 1813 3733 inter
1841 3648 1947 3736 duos

1075 3831 1253 3916 quereus
1272 3831 1424 3892 ramos.

1083 4011 1167 4080 nas.
1189 4021 1222 4086 7.
1245 4013 1320 4102 ng.
1346 4023 1397 4083 ns.

1128 4339 1362 4446 ALIUS.

925 4575 1065 4692 Caput
1092 4579 1302 4694 Apollinis
1320 4579 1566 4666 laureatum.

872 4797 990 4873 ΔΕΥ.
1012 4791 1056 4874 in
1076 4817 1201 4904 prora
1220 4792 1350 4876 navis.
1409 4789 1541 4890 Infra,
1562 4803 1617 4874 M.

1090 4999 1174 5066 nn.
1194 5009 1228 5074 7.
1251 5001 1325 5092 sig.
1352 5011 1402 5070 ιι.

636 5185 699 5270 Hi
716 5185 802 5268 duo
821 5187 984 5269 nummi
1003 5215 1087 5270 non
1105 5203 1243 5288 antea,
1261 5187 1377 5298 quod
1397 5193 1548 5288 norim,
1570 5189 1743 5305 vulgati.

1248 5377 1266 5432 1
