5210 6768
1373 915 1442 1008 30

684 1241 691 1250 .
795 1174 860 1260 Cl.
882 1176 1087 1262 Eckhelio
1113 1179 1287 1264 libenter
1315 1182 1494 1266 assentio
1510 1182 1688 1282 dicenti,
1717 1205 1934 1298 argenteos
1959 1215 2104 1271 omnes

713 1335 831 1421 Naxi
862 1341 1032 1424 nomine
1064 1339 1259 1452 insignes,
1295 1343 1351 1424 ad
1384 1343 1558 1427 Naxum
1594 1343 1761 1429 Siciliae
1794 1351 2015 1459 pertinere;
2058 1366 2105 1432 ut

709 1529 860 1587 aeneos
875 1503 931 1586 ad
950 1502 1124 1588 Naxum
1141 1505 1335 1590 insulam.
1393 1505 1572 1590 Nummi
1594 1506 1711 1590 Naxi
1730 1535 1828 1592 cum
1843 1511 1945 1593 raris
1963 1511 2101 1606 locum

712 1664 878 1750 habent.
939 1665 1024 1749 Hic
1045 1667 1216 1749 minoris
1236 1667 1396 1750 formae
1414 1685 1489 1768 est,
1507 1685 1550 1752 et
1566 1670 1705 1780 operis
1724 1671 1880 1754 eximii.

980 2157 1446 2262 OPHRYNIUM
1493 2158 1835 2264 TROADIS.

813 2365 825 2380 ⁶
851 2397 991 2511 Caput
1012 2400 1205 2485 Hectoris
1223 2401 1459 2499 adversum,
1485 2401 1709 2514 galeatum,
1730 2404 1963 2488 barbatum.

711 2609 953 2722 Epigraphe
971 2613 1134 2695 detrita.
1193 2611 1270 2693 Vir
1289 2613 1426 2694 nudus
1457 2611 1712 2725 genuflexus,
1737 2614 1777 2696 d.
1801 2615 1964 2696 botrum
1985 2643 2103 2725 prae-

1138 2773 1285 2856 tendit.
1344 2774 1472 2873 Infra
1493 2775 1667 2886 palmes.

1250 2979 1334 3048 Tab.
1356 2991 1388 3048 4.
1412 2982 1485 3070 Fig.
1514 2985 1562 3048 16.

1285 3449 1517 3554 ALlUS.

1252 3689 1393 3802 Caput
1415 3691 1540 3774 idem.
1710 3732 1713 3738 ·

930 3909 1050 3982 ΟΦΡ.
1110 3900 1199 3998 Vir,
1223 3919 1270 3983 ut
1287 3900 1330 3982 in
1352 3901 1502 4012 priore,
1525 3901 1685 4009 absque
1705 3898 1891 4010 palmite.

1260 4105 1343 4173 Tab.
1357 4117 1390 4173 4.
1406 4107 1478 4196 Fig.
1498 4117 1548 4180 17.

797 4295 858 4378 Hi
880 4296 1042 4380 nummi
1072 4293 1298 4380 Hectorem
1331 4313 1651 4408 repraesentant,
1682 4297 1859 4380 docente
1887 4293 2103 4380 Strabone.

714 4458 815 4540 Non
844 4457 990 4568 procul
1015 4457 1113 4540 inde
1141 4453 1430 4568 Ophrynium3
1463 4456 1522 4538 ibi
1551 4455 1669 4539 lucus
1698 4457 1893 4542 Hectoris
1921 4476 1983 4541 est
2010 4459 2104 4541 loco

712 4621 956 4731 conspicuo·
1102 4705 1103 4708 r

796 4781 961 4863 Palmes
995 4780 1038 4860 in
1077 4777 1213 4888 priore
1247 4777 1470 4889 peculiaris
1507 4793 1580 4861 est.
1653 4779 1783 4878 Alter,
1817 4779 1891 4888 qui
1924 4807 1975 4861 ex
2014 4804 2107 4859 aere

712 4943 882 5026 minoris
900 4943 1058 5026 formae
1077 4958 1151 5038 est,
1172 4940 1271 5022 alibi
1290 4967 1373 5023 non
1394 4942 1695 5056 promulgatus.
1746 4939 1924 5024 Nummi
1939 4939 2107 5051 Ophry-

711 5105 770 5187 nii
791 5106 946 5218 perrari
963 5120 1076 5187 sunt:
1105 5131 1250 5187 omnes
1268 5104 1399 5186 aenei.
