5210 6768
1396 953 1464 1051 to

746 1229 751 1238 '
824 1219 1036 1304 Nummus
1063 1221 1133 1304 hic
1162 1223 1218 1306 ad
1249 1226 1443 1308 Atracem
1474 1226 1517 1308 in
1546 1225 1626 1310 hac
1650 1228 1819 1340 regione
1838 1228 2009 1312 forsitan
2024 1229 2130 1313 'refe-

696 1419 704 1431 .
738 1382 906 1482 reudus,
934 1384 1051 1495 cujus
1084 1384 1195 1466 urbis
1228 1387 1337 1468 aerei
1357 1387 1568 1471 rarissimi.
1629 1389 1854 1473 Eckhelius
1886 1406 2127 1504 argenteum

738 1543 871 1628 edidit
889 1573 987 1628 cum
1005 1553 1090 1628 AT.
1107 1547 1150 1629 in
1167 1566 1540 1659 monogrammate.

820 1707 1033 1791 Atraciam
1058 1725 1189 1791 artem
1215 1708 1370 1792 Statius
1393 1709 1627 1821 'appellavit
1646 1709 1853 1823 Magiam,
1883 1733 1993 1820 quac
2011 1709 2126 1821 apud

735 1867 953 1953 Thessalos
972 1869 1200 1980 plurimum
1218 1870 1364 1982 viguit.
1420 1871 1552 1953 Theb.
1577 1881 1611 1954 l.

900 2088 1139 2115 .........
1160 2027 1297 2122 Qualis
1312 2059 1386 2140 per
1402 2033 1535 2114 nubila
1553 2031 1725 2115 Phoebes
1857 1999 1881 2130 ,ἱ

897 2191 1068 2272 Atracia
1085 2193 1198 2272 rubet
1214 2203 1302 2272 orte
1320 2193 1439 2273 labor.

793 2349 919 2462 Prop.
948 2350 1020 2433 lib.
1044 2359 1080 2435 l.

899 2511 956 2594 Et
977 2514 1101 2597 dicam
1119 2513 1294 2595 Atroeiis
1313 2514 1402 2594 licet
1418 2513 1513 2595 Iraec
1527 2513 1693 2621 confidat
1712 2513 1753 2594 iu
1771 2513 1860 2594 oris.

817 2672 1004 2756 Primum
1040 2675 1084 2756 iu
1120 2671 1337 2756 'I'hessalia
1379 2689 1517 2757 ortum
1554 2699 1711 2784 equum
1756 2689 1906 2785 poetae
1941 2690 2122 2770 narrant,

733 2835 840 2918 inter
857 2860 963 2944 quos
984 2833 1146 2917 Lucan.
1168 2834 1242 2918 lib.
1265 2831 1307 2918 6.

895 2995 1056 3078 Primus
1074 2997 1124 3077 ab
1141 3023 1333 3106 aequorea
1342 2997 1534 3106 percussis
1553 2997 1706 3105 cuspide
1724 2997 1823 3085 sucu

893 3156 1130 3238 Uressalicus
1143 3158 1303 3266 sompes,
1321 3157 1426 3240 bellis
1432 3156 1631 3264 feralibus
1648 3187 1768 3257 omen,

897 3316 1073 3399 Briluit:
1096 3318 1247 3428 primus
1264 3317 1473 3427 chalybem,
1481 3315 1696 3426 frenosque
1716 3315 1929 3411 momordit,

895 3477 1174 3589 Spumavitque
1192 3479 1297 3560 novis
1313 3477 1509 3588 Lapithae
1528 3477 1723 3559 domitoris
1739 3477 1906 3560 habenis.

817 3612 935 3722 Prior
963 3657 1132 3752 propter
1164 3639 1377 3750 duplicem
1414 3638 1703 3752 magistratum
1742 3637 1787 3719 in
1816 3635 1975 3727 autica;
2019 3632 2121 3715 alter

733 3819 903 3916 propter
921 3809 1042 3886 ΝΥΣ.
1064 3799 1251 3884 notandi.

857 4401 1427 4509 THESSALONICA
1469 4395 1987 4507 MACEDONIAE.

1255 4643 1395 4756 Caput
1420 4643 1597 4727 Dianae.

807 4859 1211 4940 ΘΕΣΣΑΛΟΝΙΚΙΟ.
1241 4855 1314 4938 sic.
1342 4851 1507 4936 Botrus.
1566 4847 1695 4947 Infra,
1713 4869 2042 4957 monogramma.

1282 5061 1365 5128 Tab.
1379 5061 1412 5128 6.
1434 5059 1509 5148 Fig.
1529 5068 1563 5125 4.
