5282 6768
1202 963 1269 1056 55

625 1235 891 1321 Autonomos
907 1233 1099 1320 Conanes
1113 1231 1271 1317 nemini
1286 1249 1411 1318 antea
1424 1248 1562 1316 notus.
1606 1229 1705 1344 Ejus
1719 1231 1935 1344 inscriptio

542 1426 640 1482 cum
667 1398 823 1482 notitiis
851 1399 1015 1510 egregie
1033 1397 1232 1494 concinit,
1261 1398 1306 1478 in
1326 1396 1481 1506 quibus
1502 1403 1728 1478 KONANH
1748 1411 1935 1479 vocatur.

543 1559 786 1660 Eckhelius,
819 1561 862 1642 in
895 1558 1073 1644 Comani
1102 1557 1226 1642 Ponti
1252 1558 1448 1658 nummis,
1475 1559 1534 1640 sic
1555 1557 1765 1640 disseruit:
1798 1555 1937 1640 Minna

541 1721 675 1818 tabeo,
695 1722 798 1830 quod
814 1723 862 1802 de
879 1721 1041 1802 nammis
1053 1727 1356 1801 ΚΟΝΑΝΕΩΝ
1371 1732 1565 1810 statuam
1595 1721 1720 1801 sintne
1742 1719 1939 1802 tribuendi

541 1881 600 1964 tis
615 1882 755 1963 nostris
772 1879 964 1979 Comanis,
992 1911 1044 1963 aa
1061 1879 1257 1988 reserandi
1275 1883 1330 1963 od
1347 1881 1479 1963 artem
1498 1880 1687 1977 Pisidiae,
1707 1909 1823 1992 qaam
1849 1880 1935 1962 No-

544 2043 655 2124 titiae
673 2055 811 2124 vocant
831 2049 1071 2125 KONANH.
1129 2043 1395 2126 Autonomus
1417 2058 1555 2124 noster
1574 2042 1865 2152 imperatoriis,
1885 2041 1939 2125 de

544 2205 697 2312 quibus
722 2204 920 2314 loquitur,
948 2204 1103 2286 claram
1133 2205 1270 2286 lucem
1301 2205 1444 2298 affert;
1473 2219 1516 2286 et
1538 2230 1702 2302 omnes,
1725 2232 1823 2287 cum
1851 2205 1941 2317 cpi·

544 2363 702 2478 grapho
729 2371 1045 2462 ΚΟΝΑΝΕΩΝ,
1079 2365 1198 2477 hujus
1227 2365 1341 2448 urbis
1370 2383 1504 2449 certos
1530 2392 1621 2448 esse
1651 2367 1814 2475 probat.
1873 2364 1938 2452 Cl.

544 2524 743 2610 Sostinius
762 2527 901 2626 ctiam,
930 2555 1031 2610 cum
1049 2525 1156 2626 aliis,
1182 2527 1226 2610 in
1246 2527 1428 2638 generali
1447 2528 1536 2638 ejus
1557 2527 1711 2626 indice,
1740 2527 1813 2612 has
1832 2527 1938 2612 duas

544 2691 667 2774 urbes
684 2687 930 2783 confundit,
958 2689 1108 2798 inquo
1129 2685 1306 2772 Conana
1321 2689 1387 2772 vel
1408 2687 1600 2774 Comana
1620 2687 1816 2774 Pisidiae.

771 3313 1378 3422 HALICARNASSUS
1424 3314 1711 3421 CARIAE.

1055 3555 1197 3666 Caput
1216 3557 1431 3640 muiscbre.

917 3753 920 3758 ’
1053 3776 1431 3858 narrassem.

1089 3975 1172 4042 rab.
1199 3985 1231 4048 7.
1255 3975 1330 4064 Fig.
1356 3985 1407 4042 10.

633 4155 852 4257 Herodoti,
873 4157 1074 4242 Heracliti
1103 4179 1266 4270 poetae,
1286 4191 1336 4245 ac
1357 4161 1553 4269 Dionysii
1572 4161 1771 4262 historici,
1792 4167 1943 4278 patria.

549 4317 602 4402 In
622 4343 709 4430 qua
726 4321 854 4402 etiarn
873 4321 1146 4420 mausoleum,
1166 4323 1469 4406 nobilissimum
1489 4351 1610 4436 opus,
1628 4325 1812 4409 extabat.

633 4477 813 4564 Nummi
840 4480 963 4594 hujus
993 4482 1170 4566 civitatis
1197 4483 1304 4566 inter
1328 4483 1558 4570 rarissimos
1585 4487 1796 4570 censendi.
1857 4486 1942 4573 Hic

548 4668 680 4726 novus
698 4660 772 4728 cst
