5210 6768
1362 935 1429 1028 38

698 1265 701 1270 .
789 1192 1026 1280 Nummum
1041 1197 1155 1281 hunc
1168 1197 1422 1281 minutulum
1442 1225 1659 1309 uunquam
1674 1199 1834 1284 editum
1852 1201 1951 1285 vidi.
2009 1204 2097 1286 Au·

702 1358 864 1441 tonomi
883 1357 1006 1471 hujus
1026 1359 1186 1444 insulae
1204 1359 1325 1444 aenei
1343 1359 1450 1442 inter
1467 1359 1639 1444 rariores
1654 1361 1917 1454 collocandi„

1063 1819 1350 1998 SiGEUM
1389 1823 1732 1928 TROADIS.

1093 2057 1235 2172 Caput
1248 2063 1457 2174 galeatum
1471 2064 1705 2150 adversum.

744 2224 867 2302 ΣΠἚ.
925 2217 1122 2304 Noctuae
1140 2221 1266 2304 binae
1285 2224 1500 2306 communi
1518 2226 1669 2338 capite.
1727 2223 1872 2325 Juxta,
1891 2226 2049 2310 lunula.

784 2427 864 2512 Est
882 2431 1091 2514 secundae
1110 2430 1284 2516 formae.

1236 2635 1320 2704 Tau.
1342 2647 1374 2706 5.
1398 2637 1472 2728 Fig.
1499 2647 1548 2706 1³.

1276 3083 1509 3189 ALIUS.

1251 3321 1393 3435 Caput
1413 3323 1539 3406 idem.

952 3537 1079 3614 ΣΙΓΕ.
1138 3529 1311 3614 Noctua
1335 3548 1461 3614 stans.
1518 3532 1665 3633 Juxta,
1694 3534 1851 3618 lunula.

785 3740 851 3824 Ex
871 3768 966 3824 aere
985 3729 1159 3823 miuimo
1179 3758 1252 3823 est.

1241 3949 1324 4016 Tab.
1353 3961 1385 4018 5.
1409 3950 1482 4040 Fig.
1509 3960 1558 4018 14.

782 4137 980 4237 Achilles,
1001 4154 1104 4220 teste
1118 4137 1337 4236 Strabone,
1353 4137 1421 4220 hic
1442 4137 1629 4248 sepultus
1649 4155 1724 4236 est,
1735 4155 1778 4219 et
1788 4139 2090 4221 monimentum
2159 4147 2166 4156 '

702 4317 744 4385 et
762 4300 966 4412 templum
985 4299 1145 4382 habuit.
1203 4299 1360 4383 Narrat
1375 4299 1499 4382 etiam
1521 4298 1688 4411 Sigeum
1707 4316 1945 4383 extructum
1964 4299 2089 4384 fuisse

701 4493 754 4547 ex
791 4463 1003 4575 lapidibus
1036 4462 1183 4545 veteris
1222 4461 1384 4574 Trojae.
1441 4460 1606 4542 Minime
1639 4463 1869 4560 mirandum,
1903 4435 2090 4544 Eckhelii

701 4625 830 4708 verba
858 4641 968 4722 sunt,
986 4653 1062 4706 uon
1081 4635 1214 4706 cature
1231 4625 1366 4733 plures
1384 4623 1499 4729 ltujm
1520 4623 1624 4704 urbis
1644 4649 1831 4715 nummm3
1860 4651 1948 4702 nam
1966 4619 2092 4728 refert

703 4787 802 4869 adem
822 4784 962 4868 Strabo
993 4814 1078 4867 eum
1098 4785 1147 4866 ab
1168 4785 1369 4866 Iliensibus
1371 4783 1500 4894 fuisse
1525 4784 1697 4864 dirutum
1704 4812 1720 4874 ,·
1750 4793 1790 4862 et
1818 4810 1865 4863 ex
1893 4781 2092 4863 Strabonis

704 4959 744 5029 et
763 4947 887 5030 Plinii
914 4950 1037 5032 verbis
1066 4947 1277 5066 colligitur,
1304 4974 1433 5033 eorum
1463 4957 1593 5028 aetate
1613 4947 1720 5028 illum
1744 4973 1819 5028 uon
1845 4945 2008 5054 amplius
2024 4971 2089 5025 eu-

706 5110 840 5194 titisse.
