5210 6768
1392 889 1427 992 6

798 1156 931 1240 Aenei
946 1157 1229 1243 Alexandriae
1244 1163 1403 1244 nummi
1415 1163 1913 1252 interrarosrocensendi.
1973 1163 2109 1252 Hi'ab

715 1316 806 1400 aliis
826 1319 1098 1432 promulgatis
1113 1321 1278 1405 diversi.

1086 1791 1393 1896 ANDROS
1440 1779 1732 1898 INSULA.

1207 2029 1348 2142 Caput
1373 2033 1608 2115 barbatum.

1213 2241 1372 2320 ΑΝΔΡ.
1428 2239 1593 2352 Tripus·

1242 2447 1326 2515 Tab.
1353 2460 1381 2515 l.
1404 2449 1477 2538 Fig.
1504 2459 1553 2516 14.

793 2634 946 2746 Tripus
965 2634 1021 2716 ad
1040 2635 1274 2736 Andreum,
1291 2638 1499 2749 Apollinis
1518 2654 1560 2720 et
1576 2635 1756 2722 Creusae
1783 2653 1991 2748 nepotem,
2019 2636 2102 2720 sor·

711 2796 818 2878 sitan
836 2795 973 2894 refert,
1003 2797 1091 2906 qui,
1124 2813 1226 2878 teste
1257 2795 1444 2896 Conone,
1473 2798 1654 2908 primam
1677 2798 1721 2880 in
1740 2796 1820 2880 hae
1839 2797 1975 2882 insula
1991 2797 2104 2880 colo-

708 2959 824 3042 niam
842 2957 1069 3041 constituit.
1182 2957 1309 3041 Ovid.
1331 2958 1507 3044 Metam.
1525 2968 1566 3052 7.

872 3121 934 3202 At
951 3148 1027 3202 non
1047 3117 1212 3217 Oliaros,
1231 3121 1487 3230 Dydimeque,
1510 3130 1550 3202 et
1568 3117 1702 3216 Tenos,
1721 3129 1761 3199 et
1779 3117 1948 3199 Andros.

794 3280 931 3392 Hujus
952 3280 1110 3362 insulae
1125 3280 1287 3362 nummi
1305 3281 1408 3362 raris
1427 3280 1750 3366 adnumerentur
1756 3307 1769 3373 ;
1797 3278 1916 3361 aenei
1943 3303 2100 3360 omnes.

709 3440 795 3526 Hic
812 3459 951 3525 noster
970 3441 1141 3525 minoris
1159 3439 1318 3523 formae
1333 3455 1408 3535 est,
1426 3455 1467 3521 et
1485 3439 1679 3522 ineditus.

1047 3841 1051 3850 ⁵
1139 3913 1335 4018 Arm
1372 3910 1664 4018 tusum.

1036 4154 1176 4268 Caput
1194 4149 1416 4238 barbatum
1452 4169 1493 4236 et
1523 4141 1768 4234 laureatum.

1064 4375 1216 4450 APEA.
1274 4366 1421 4476 Equus
1436 4364 1539 4446 liber
1558 4389 1739 4445 currens.

790 4581 903 4665 Area
918 4577 1043 4662 Ponti
1058 4576 1207 4674 insula,
1222 4575 1355 4659 Marti
1371 4590 1547 4657 sacrata.
1595 4569 1843 4683 Apollonius
1859 4584 1901 4651 et
1916 4566 2097 4650 Arianus

657 4753 661 4760 '
706 4742 985 4827 ΔΡΗΑΤΙΔΑ
1012 4765 1106 4822 eam
1124 4754 1288 4820 vocant.
1318 4733 1552 4846 Stephanus
1572 4733 1763 4814 ΑΡΕΙΟΣ
1784 4732 1979 4812 ΝΗΣΟΣ·
2037 4727 2098 4811 Ε-

706 4931 815 5016 quus
835 4901 967 4986 Marti
985 4900 1163 4983 dicatus.

1242 5052 1325 5119 Tan.
1351 5064 1380 5118 l.
1403 5051 1478 5140 Fig.
1504 5059 1555 5118 15.

704 5251 826 5338 Alius
843 5250 964 5362 hujus
982 5247 1143 5332 insulae
1161 5273 1355 5330 nummus
1373 5241 1490 5354 apud
1506 5256 1695 5324 auctores
1713 5262 1799 5320 non
1817 5247 2003 5345 repertus
2020 5242 2094 5313 est.
