5210 6768
1206 909 1270 1018 51

632 1175 748 1262 Urbs
768 1177 827 1262 ita
845 1177 973 1280 dicta,
993 1195 1097 1264 teste
1124 1177 1353 1292 Stephano,
1382 1177 1498 1290 quod
1518 1177 1804 1288 undequaque
1821 1200 1941 1260 mon·

547 1338 658 1424 tibus
676 1339 880 1453 cingatur.

634 1499 727 1584 Liv.
747 1509 816 1596 27.
835 1507 876 1588 5.

632 1662 699 1746 Ne
718 1675 847 1744 tomen
869 1661 1005 1772 segnia
1033 1662 1180 1743 aestiva
1209 1671 1344 1760 ostent,
1375 1674 1414 1743 et
1431 1661 1564 1744 Aetoli
1589 1689 1666 1743 non
1693 1661 1943 1768 impetratam

541 1851 680 1935 pacem
705 1824 754 1906 ab
778 1836 928 1920 senata,
958 1821 1201 1904 nibilominus
1220 1850 1296 1932 per
1314 1851 1421 1905 suam
1444 1825 1727 1906 cunctationem
1744 1819 1943 1914 taberent,

548 2013 772 2096 oppugnare
791 1985 944 2066 Acilius
958 1985 1202 2094 Amphissam
1216 1986 1370 2066 statuit.

632 2143 695 2230 Cl.
728 2143 952 2228 Eckhelius
989 2175 1159 2230 causam
1192 2146 1319 2245 Astri,
1354 2147 1400 2228 in
1428 2145 1680 2258 Amphissae
1715 2141 1943 2225 numisma·

548 2306 676 2406 tibus,
708 2335 759 2390 ex
787 2307 992 2389 Strabone
1019 2305 1129 2388 clare
1160 2303 1388 2414 explicuit3
1427 2330 1593 2414 nempe,
1623 2299 1777 2386 Ouolas
1807 2297 1942 2412 sigillo

549 2468 722 2582 publico
742 2467 979 2579 Hesperum
998 2465 1253 2576 insculptum
1272 2463 1480 2548 habuisse.

636 2630 695 2712 Hi
718 2629 880 2712 nummi
909 2627 1065 2739 perrari
1093 2642 1207 2718 sunt3
1253 2641 1296 2707 et
1332 2624 1570 2736 nuperrime
1603 2622 1646 2705 in
1674 2591 1811 2705 lucem
1839 2620 1941 2704 dati.

550 2791 649 2891 Hic,
667 2791 805 2902 capite
822 2790 866 2873 in
887 2789 1040 2886 nauca,
1063 2804 1105 2870 et
1122 2801 1495 2899 monogrammate,
1523 2802 1565 2868 et
1582 2811 1756 2868 uvarum
1776 2811 1942 2869 racemo

548 2953 594 3038 in
613 2979 771 3052 aversa,
791 2948 1042 3065 spectabilis.

841 3271 1304 3380 ANTANDRUS
1344 3269 1645 3380 MYSIAE.

938 3512 1082 3624 Caput
1105 3512 1293 3596 imberba
1311 3511 1557 3594 laureatum.

967 3731 1167 3806 ANTAN.
1220 3709 1368 3833 'Caput
1385 3722 1528 3806 leonis.

1103 3929 1186 3998 Tab.
1201 3939 1233 4004 7.
1256 3931 1330 4020 Fig.
1351 3941 1385 4000 8.

635 4123 900 4205 Autonomos
919 4121 1040 4232 hujus
1058 4121 1171 4204 urbis
1189 4121 1337 4204 unicus
1356 4136 1431 4218 est,
1461 4135 1503 4202 et
1529 4118 1637 4202 bene
1659 4136 1940 4202 conservatus.

550 4281 798 4367 Eckbelium
832 4281 956 4364 audi:
997 4279 1257 4362 Autonomum
1289 4281 1435 4362 editum
1463 4281 1572 4362 video
1600 4280 1641 4360 in
1673 4308 1799 4362 museo
1820 4279 1940 4364 Pem-

547 4445 675 4528 tract.
696 4449 895 4525 ANTAN.
951 4439 1087 4551 Capro
1103 4453 1222 4524 otono.
1282 4440 1423 4523 Verum
1439 4455 1553 4524 acute
1571 4442 1670 4522 uidit
1688 4441 1943 4525 Neamonnat

546 4574 690 4702 notter,
709 4605 914 4713 tegendum
928 4607 1119 4682 ΑΝΙΩΝ.
1139 4629 1298 4710 eumque
1316 4601 1595 4683 restituendum
1613 4603 1725 4684 Aeno
1737 4603 1939 4688 Thraciae.

549 4766 706 4847 Aeneas
723 4763 812 4846 Itaic
833 4764 971 4872 oppido
992 4763 1160 4844 tributus
1185 4789 1210 4842 a
1239 4759 1302 4844 Cl.
1321 4759 1500 4860 oderico,
1521 4776 1648 4847 certat
1667 4777 1724 4846 est
1741 4767 1941 4875 Apameae

548 4905 759 5036 Phrygiae.
820 4923 879 5008 Ut
907 4927 1002 5006 odeo
1031 4935 1274 5006 antonomum
1305 4924 1403 5004 tuaac
1434 4926 1524 5006 urbo
1548 4929 1708 5008 necdum
1731 4928 1939 5038 posadum.

549 5086 813 5198 Imperatorii
827 5102 973 5169 extant
989 5085 1061 5168 sed
1081 5083 1312 5168 admodum
1330 5085 1411 5170 rari
1429 5101 1537 5169 sunt.
