5210 6768
1193 957 1261 1081 47

800 1389 1108 1496 CROTON
1153 1393 1665 1500 BRUTTIORUM.

660 1627 807 1742 'Caput
825 1627 1015 1712 Herculis
1035 1627 1257 1710 barbatum
1276 1627 1449 1710 leoninis
1469 1627 1611 1738 spoliis
1627 1642 1798 1710 tectum.

1111 1787 1261 1898 Supra,
1289 1791 1358 1868 ΔΙ.

841 2009 959 2084 ΚΡΟ.
1017 1943 1176 2108 riquila
1199 1999 1383 2110 leporem
1407 1997 1624 2083 devorans.

1089 2205 1172 2273 Ταῦ.
1194 2209 1226 2273 6.
1250 2207 1323 2296 Fig.
1346 2205 1378 2272 6.

623 2393 689 2482 cl.
703 2393 928 2478 Eekhelius
941 2393 1045 2478 duos
1059 2375 1180 2506 hujus
1195 2395 1308 2477 urbis
1324 2410 1537 2506 argenteos
1556 2391 1703 2492 edidit,
1719 2391 1761 2476 in
1779 2391 1932 2502 quibus

544 2555 743 2641 Hercules
772 2561 1033 2640 ΟΙΚΙΣΤΑΣ.
1055 2583 1128 2638 seu
1159 2555 1363 2654 conditor,
1390 2555 1541 2654 dictus,
1571 2571 1613 2638 et
1636 2582 1812 2638 aeneum
1836 2583 1934 2638 cum

541 2721 627 2832 ejus
645 2721 800 2831 capite²
824 2747 951 2830 supra
971 2719 1086 2829 quod
1105 2721 1234 2800 ΔΙΟΣ
1244 2748 1255 2811 ;
1284 2734 1327 2802 et
1345 2719 1388 2801 ia
1410 2717 1537 2802 altera
1556 2733 1674 2830 parte
1700 2739 1799 2801 cum
1816 2715 1935 2802 leone

542 2898 775 2992 serpentem
795 2881 1032 2964 devorante.

598 3041 725 3124 Ovid.
748 3040 853 3124 Met.
872 3041 944 3124 lib.
970 3047 1034 3126 15.

653 3203 745 3286 Non
756 3205 897 3311 procat
914 3201 1002 3282 leina
1022 3202 1222 3298 tumulant,
1241 3202 1310 3282 aab
1325 3229 1400 3312 quo
1418 3211 1575 3284 sacrato
1589 3198 1768 3284 Crotonis

654 3361 751 3447 Ona
773 3341 928 3473 tegebat
947 3364 1110 3446 hamas.-
1129 3361 1357 3478 junoque*
1374 3363 1428 3448 ita·
1444 3363 1590 3446 moenio
1606 3374 1714 3444 terra

654 3521 859 3606 Condidit:
889 3537 928 3606 et
946 3553 1081 3608 nomen
1100 3526 1283 3607 tumulati
1298 3525 1421 3606 traxit
1440 3527 1480 3606 ia
1498 3526 1642 3606 artem.

655 3683 767 3766 Talia
785 3686 972 3768 constabit
987 3697 1095 3768 certa
1108 3684 1463 3796 primordiasama,

654 3843 750 3926 Essa
770 3847 855 3944 loci,
865 3847 1088 3956 positaeque
1108 3845 1225 3927 Italia
1243 3847 1283 3926 in
1289 3843 1439 3953 finibus
1453 3844 1570 3928 nabin.

629 4003 845 4088 Petronius
875 4035 918 4086 1n
948 4007 1140 4116 satyrica.
1202 4007 1338 4088 Donec
1369 4036 1394 4087 a
1424 4009 1548 4088 villica
1578 4011 1743 4124 quodam
1768 4005 1939 4092 Crotona

544 4195 621 4249 ene
655 4167 906 4278 cognovimus,
945 4169 1077 4250 arbem
1114 4169 1429 4282 antiquissimam,
1470 4180 1510 4249 et
1548 4171 1757 4284 aliqnando
1795 4170 1822 4250 I
1822 4170 1937 4256 taliae

542 4355 724 4437 primam.

631 4485 762 4571 Aenei
783 4485 974 4570 Crotonis
995 4485 1048 4570 de
1067 4485 1270 4567 rariorum
1290 4513 1461 4570 numero
1481 4507 1588 4574 suat.

957 4899 1199 5003 nenos
1237 4897 1528 5034 rnsnnn.

1107 5139 1206 5229 Avis
1230 5138 1388 5224 volans.

1095 5349 1115 5388 θ
1130 5349 1247 5428 Nempe
1260 5345 1397 5408 Hercule.
