5210 6768
1396 790 1428 886 4

1213 1057 1302 1143 Cic.
1331 1061 1375 1146 in
1402 1059 1610 1146 Pisonem.

800 1219 1009 1318 Aetoliam,
1032 1248 1131 1330 quae
1144 1223 1324 1328 procula
1342 1223 1516 1342 barbaris
1533 1224 1726 1329 diy'aacta
1742 1220 1935 1328 gentibus,
1962 1219 2004 1298 in
2021 1218 2106 1298 sinu

711 1381 823 1488 pacis
844 1381 987 1488 posita,
1011 1381 1132 1461 medio
1147 1379 1244 1488 fere
1274 1380 1466 1464 Graeciae
1490 1383 1638 1492 gremia
1666 1382 1898 1478 continetur,
1926 1379 2108 1460 decadem

715 1542 891 1622 mucram
913 1543 1133 1650 perdidisti.

808 1699 908 1784 Duo
925 1703 1085 1784 nummi
1106 1701 1262 1812 priores
1283 1704 1501 1784 nominum
1533 1703 1851 1814 magistratuum
1873 1698 2001 1780 initiis
2029 1723 2104 1778 no·

716 1861 863 1946 tabiles
892 1879 1006 1956 sunt;
1047 1861 1253 1944 secundus
1281 1863 1407 1945 etiam
1429 1864 1702 1976 perantiquae
1729 1863 1871 1948 literae
1901 1875 1929 1948 Σ
1959 1859 2106 1946 forma.

716 2019 878 2106 Tertius
896 2023 989 2136 apri
1004 2022 1250 2108 mandibula
1268 2039 1393 2109 caret.

1046 2579 1455 2684 ALABANDA
1493 2577 1779 2684 CARIAE.

1063 2815 1205 2929 Caput
1223 2815 1443 2896 barbatum
1461 2832 1503 2896 et
1519 2815 1760 2898 laureatum.

991 3035 1078 3110 ΑΔ.
1136 3025 1284 3140 Equus
1312 3025 1560 3110 subsultans.
1592 3025 1721 3124 Infra,
1749 3035 1836 3106 ΑΛ.

1245 3232 1327 3300 Tab.
1354 3245 1382 3300 l.
1405 3232 1479 3322 Fig.
1505 3243 1554 3300 10.

802 3421 919 3507 Urbs
938 3424 1018 3508 ista
1036 3422 1143 3508 adeo
1161 3420 1373 3531 opulenta,
1401 3436 1448 3502 ut
1475 3420 1520 3500 in
1538 3419 1805 3530 proverbium
1839 3419 1988 3504 abierit
2008 3437 2106 3501 Ana·

718 3581 828 3669 Caria
845 3601 963 3690 Kapan
981 3619 1208 3688 ιυτυχεςατη.
1265 3579 1355 3664 Cic.
1380 3581 1433 3666 de
1460 3598 1610 3663 natura
1638 3579 1840 3663 Deorum.
1965 3616 1968 3624 ·

800 3743 894 3828 Jam
927 3771 1017 3825 vero
1054 3745 1095 3825 in
1126 3742 1300 3827 Graecia
1335 3747 1473 3826 multas
1501 3743 1642 3832 habent
1674 3771 1720 3824 aa
1752 3742 1961 3824 haminibus
1990 3741 2109 3838 Dens,

719 3904 966 3988 Alabandum
983 3906 1194 4003 Αἱαὸανιάὶ,
1210 3903 1368 3986 'Tenedi
1388 3903 1426 3984 T
1422 3932 1530 4000 enea,
1548 3904 1617 4006 &a

867 4066 1002 4150 Aenea
1020 4065 1269 4149 Alabandus
1285 4065 1331 4148 in
1350 4089 1535 4148 rarorum
1556 4089 1728 4150 numero
1746 4061 1962 4145 habentur.

1100 4526 1294 4630 ALEA
1335 4526 1729 4636 ARCADIAE.

1216 4764 1362 4878 Caput
1384 4768 1618 4853 barbatum.

793 4935 992 5016 ΑΛΕΩΝ.
1050 4924 1207 5010 Mulier
1228 4929 1347 5012 arieti
1367 4929 1563 5031 insidens,
1582 4932 1711 5018 citato
1731 4959 1854 5016 cursu
1872 4933 2043 5017 vehitur.

1255 5135 1338 5204 Tab.
1366 5147 1394 5204 1.
1419 5137 1494 5228 Fig.
1520 5151 1570 5205 11.
