5210 6768
578 1443 729 1526 Nullus
758 1461 904 1527 auctor
922 1473 1042 1528 usum
1071 1446 1217 1528 horum
1236 1475 1430 1528 vasorum
1459 1446 1502 1527 in
1531 1445 1746 1558 cuspidem
1777 1447 1883 1530 desi·

491 1604 679 1685 nentium
718 1604 1020 1687 animadvertit.
1101 1603 1355 1688 Froclichius
1393 1633 1480 1687 esse
1518 1607 1713 1718 gyrgillos
1752 1609 1882 1688 serico

491 1763 719 1845 evolvendo
739 1765 915 1876 putavit.
975 1764 1135 1848 Revera
1155 1766 1349 1875 cuspides
1370 1766 1411 1846 in
1431 1782 1596 1864 terram,
1617 1767 1680 1849 vel
1698 1795 1881 1866 arenam,

489 1923 732 2034 figebantur,
768 1925 866 2007 vino
886 1925 930 2006 in
951 1925 1063 2008 cellis
1080 1926 1140 2007 sic
1161 1925 1394 2034 frequenter
1417 1926 1600 2010 condite.

572 2081 717 2194 Typus
736 2083 925 2182 Anticae,
945 2099 991 2165 ut
1009 2101 1127 2194 puto,
1151 2112 1281 2168 novus
1299 2102 1372 2168 est.

944 2583 1080 2686 COS
1120 2583 1412 2688 INSULA.

841 2818 983 2930 Caput
1002 2821 1245 2936 Aesculapii
1267 2825 1510 2906 laureatum.

932 3029 1061 3128 Infra,
1087 3035 1387 3115 ΔΙΟΔΩΡΟΣ.

628 3245 896 3321 ΑΣΚΛΗΠΙΞΞ
927 3246 1193 3324 ΣΩΤΗΡΟΣ.
1254 3240 1434 3323 Baculus
1457 3239 1711 3350 Aesculapii.

1031 3443 1116 3512 ras.
1139 3455 1171 3512 s.
1195 3447 1269 3535 rig.
1297 3455 1345 3514 ιο.

572 3630 841 3743 Magistratus
870 3658 1024 3714 nomen
1054 3631 1098 3714 in
1127 3633 1268 3713 antica
1285 3631 1406 3744 hujus
1435 3631 1594 3715 insulae
1614 3659 1878 3714 nummorum

487 3807 609 3873 antea
630 3820 712 3872 non
732 3793 932 3905 conspexi
938 3823 951 3887 3
980 3809 1035 3890 et,
1055 3809 1103 3874 ut
1123 3793 1315 3904 conjici0,
1334 3819 1490 3876 novum
1510 3810 1584 3877 est.

1062 4309 1293 4414 ALIUS.

819 4547 959 4659 Caput
976 4548 1199 4632 barbatum
1218 4568 1259 4633 et
1286 4549 1498 4634 laureatur
1522 4615 1531 4629 .

709 4761 988 4836 ΘΕΟΦΑΝΩ.
1033 4752 1208 4837 Caetera
1225 4755 1404 4880 discerni
1423 4785 1504 4841 non
1526 4775 1709 4870 possunt.

1025 4958 1108 5024 st.
1131 4969 1162 5026 ἓ.
1179 4959 1253 5048 Fig.
1289 4969 1337 5034 19.

569 5145 747 5257 insignis
761 5163 823 5229 est
835 5147 905 5231 hic
921 5175 1130 5245 nummus,
1147 5147 1189 5229 in
1206 5151 1322 5255 cujus
1335 5151 1474 5232 antica
1490 5149 1777 5261 Hippocratis,
1791 5177 1878 5232 me-

489 5283 575 5391 dici
586 5305 730 5406 divini,
744 5307 787 5390 in
805 5304 894 5390 Coo
909 5307 1010 5405 nati,
1029 5307 1206 5419 effigiem
1222 5309 1327 5391 citra
1343 5309 1518 5393 dubium
1534 5311 1732 5394 habemus
1741 5341 1751 5403 ;
1780 5339 1877 5394 nam
