5210 6768
1021 1739 1294 1815 ADDENDA
1319 1740 1386 1816 ET
1411 1739 1779 1818 CORRIGENDA.

826 1983 892 2060 Pag.
908 1987 954 2041 13.
973 1981 1047 2042 Dele
1059 1982 1105 2042 vel
1118 1984 1259 2061 Carystos.

828 2130 873 2148 ...
895 2094 945 2146 ²8.
964 2087 1179 2166 inaculpmdum
1193 2087 1253 2166 lege
1264 2085 1489 2166 iueouipendum.

825 2234 871 2250 ...
895 2198 944 2262 29.
963 2190 1137 2266 Mitylenem
1150 2189 1209 2268 lege
1221 2190 1394 2266 Mitylenen.

826 2333 853 2351 ..
866 2332 872 2346 .
896 2291 969 2351 Ibid.
982 2293 1121 2370 pampinis
1133 2301 1264 2350 ornatum
1276 2289 1336 2369 lege
1348 2292 1451 2350 hedera
1464 2293 1604 2352 vinctum.

828 2429 873 2455 ·..
895 2403 946 2453 ³0.
967 2395 1056 2464 loha,
1070 2394 1177 2472 palmea
1190 2393 1283 2473 leger.
1296 2396 1416 2454 hederae
1429 2393 1586 2472 palmitem.

893 2496 1010 2573 Absque
1023 2495 1138 2574 palmite
1151 2494 1210 2573 lege
1222 2499 1326 2574 aheque
1338 2497 1458 2558 hederae
1470 2496 1596 2576 palmite.

825 2643 852 2660 ..
865 2640 872 2657 .
892 2603 943 2668 ³7.
962 2596 1092 2675 ejusdem
1105 2601 1219 2658 Boetiae
1233 2597 1293 2678 lege
1305 2597 1435 2676 ejusdem
1448 2601 1591 2659 Boeotiae.

824 2745 850 2760 ..
863 2744 870 2760 .
892 2706 942 2774 49.
961 2719 1019 2759 non
1032 2702 1142 2779 pridem
1155 2699 1214 2778 Iege
1226 2719 1284 2759 non
1296 2703 1384 2778 prior.

822 2846 828 2861 .
842 2847 869 2866 ..
891 2809 940 2862 58.
959 2807 1084 2862 ΕΤΡΙΠ.
1104 2803 1199 2862 Diota.
1209 2803 1279 2862 adde
1293 2806 1392 2883 Supra,
1408 2806 1492 2864 Luna
1505 2823 1642 2874 meroem,
1656 2815 1689 2862 ut
1700 2805 1822 2862 videtin.

961 2981 1124 3040 Antandros
1133 2979 1245 3056 Myriae
1257 2977 1327 3037 adde
1338 2979 1409 3038 Aut.
1422 2979 1474 3038 Ε.
1487 2980 1586 3038 unicus
1598 2979 1627 3036 in
1640 2977 1695 3037 hoo
1707 2997 1793 3057 opere
1807 2979 1937 3056 deeeript.

964 3083 1101 3161 Erythrae
1114 3083 1265 3142 Boeoticae
1277 3081 1336 3160 lege
1348 3083 1486 3159 Erythrae
1499 3083 1643 3142 Boeotiae.

964 3187 1073 3265 Evippe
1087 3187 1185 3245 Cariae
1198 3185 1268 3244 adde
1280 3185 1332 3244 AE.

839 3327 843 3334 ·
964 3290 1046 3349 Gaba
1057 3290 1250 3348 Traconitidoe
1263 3286 1322 3366 lege
1335 3287 1415 3348 Gaba
1426 3285 1649 3347 Trachonitidoe.

964 3393 1031 3450 Nea
1043 3391 1137 3451 Inrola
1150 3391 1219 3450 adde
1231 3393 1261 3450 in
1274 3403 1527 3468 monogrammate.

823 3539 851 3556 ..
866 3539 874 3555 .
891 3501 941 3555 41.
963 3496 1062 3563 Saxue,
1076 3493 1122 3553 vel
1135 3496 1226 3562 Arm,
1241 3495 1355 3562 Cretae,
1368 3495 1438 3552 Aut.
1449 3493 1501 3552 Ε.
1517 3494 1552 3552 R.

962 3597 1039 3674 Tyra
1053 3599 1204 3658 Sarmatiae
1216 3599 1387 3674 Europaeae.
1400 3593 1470 3656 adde
1482 3597 1554 3655 Aut.
1568 3593 1620 3654 AE.
1633 3594 1732 3652 unicus
1744 3593 1774 3652 in
1787 3593 1843 3652 hoe
1855 3610 1940 3670 opere
1953 3593 2083 3671 decript.
