5210 6768
1354 933 1424 1026 50

1098 1325 1245 1430 AEA
1295 1325 1675 1432 SYRTICAE.

1070 1574 1276 1650 ΑΗΤΩΝ.
1333 1564 1475 1679 Caput
1496 1567 1710 1651 muliebre.

1279 1775 1502 1886 Silphium.

1247 1983 1331 2050 rab.
1352 1994 1385 2058 r.
1409 1985 1483 2073 ng.
1506 1994 1535 2052 1.
1636 2005 1645 2020 ·

775 2175 1040 2257 Autonomus
1073 2171 1195 2285 hujus
1228 2174 1339 2255 urbis
1365 2201 1391 2254 a
1418 2174 1583 2256 nemine
1610 2191 1735 2256 antea
1762 2173 1960 2284 prolatus.
2019 2173 2088 2258 Do

692 2336 861 2420 nomine
880 2336 967 2446 ejus
982 2351 1172 2418 auctores
1192 2337 1298 2418 inter
1312 2364 1355 2418 se
1370 2335 1631 2418 dissentiunt.
1670 2335 1772 2419 Silio
1788 2338 1890 2433 Aeo,
1907 2336 2088 2446 Apuleio

690 2501 839 2594 Aeaeo,
869 2496 1007 2580 Plinio
1031 2497 1167 2578 civitas
1194 2496 1363 2593 Oeensis,
1394 2495 1608 2607 Stephano
1639 2515 1716 2592 oar.
1775 2495 1860 2581 Hic
1891 2525 2087 2580 nummus

691 2658 1070 2768 praestantissimus
1090 2656 1432 2770 orthographiam
1453 2656 1545 2739 Silii
1570 2657 1801 2740 confirmat.

776 2819 998 2929 Silphium,
1027 2817 1324 2928 Laserpitium,
1342 2816 1407 2898 vel
1428 2816 1517 2898 Asa
1535 2815 1706 2915 foetida,
1727 2835 1774 2900 ut
1791 2846 1818 2900 a
1835 2815 2089 2926 quibusdam

688 2981 886 3077 ereditur,
921 2977 1039 3089 apud
1069 2995 1223 3062 veteres
1257 2995 1347 3059 tum
1379 2975 1604 3076 medicina,
1638 2994 1728 3060 tum
1761 2978 2089 3077 condimentum,

693 3170 847 3256 magua
863 3143 907 3224 iu
927 3141 1217 3224 aestimatione
1234 3139 1327 3220 fuit.

776 3303 885 3388 Plin.
909 3312 975 3398 19.
1001 3310 1043 3388 3.

776 3465 842 3547 Ab
872 3466 943 3554 tis,
963 3465 1181 3574 proximum
1218 3463 1370 3544 dicetur
1404 3459 1652 3542 clarissimum
1682 3457 1959 3568 Luserpilr'um,
1989 3458 2092 3568 quod
2246 3511 2249 3518 -

696 3627 842 3710 Graeci
863 3626 1035 3736 Silplrioa
1053 3634 1204 3705 vocant.

779 3787 918 3872 Catul.
938 3786 1048 3896 epig.
1067 3791 1109 3878 7.

862 3945 991 4040 Quom
1011 3974 1174 4056 mugnus
1191 3971 1371 4025 nanterus
1391 3941 1572 4053 Libyssae
1591 3969 1732 4023 urenae

860 4107 1159 4218 laserpiciferis
1160 4109 1275 4214 jacet
1290 4101 1466 4215 Cyrenis.

827 4525 1202 4634 AMPHISSA
1245 4523 1327 4628 IN
1369 4517 1633 4625 LOCRIS
1673 4514 1962 4622 OZOLIS.

1198 4762 1341 4874 Caput
1362 4761 1595 4844 barbatum.

742 4983 1076 5064 ΑΜΦΙΣΣΕΩΝ.
1133 4974 1328 5070 Maxilla,
1346 4971 1614 5068 venabulum,
1636 4967 1776 5052 medio
1794 4983 1923 5060 asum
1953 4965 2051 5048 hinc

935 5140 1048 5238 inde,
1071 5162 1389 5247 monogramma
1404 5149 1447 5214 et
1467 5159 1638 5214 uvarum
1657 5156 1861 5214 racemus.
1885 5199 1886 5204 a

1252 5343 1335 5410 Tab.
1357 5351 1391 5414 7.
1413 5341 1488 5430 Fig.
1510 5351 1543 5408 2.
