5210 6768
1364 896 1427 996 w

696 1185 855 1298 species
874 1185 1009 1268 vultus
1040 1212 1122 1266 uon
1153 1199 1373 1296 protomen
1400 1211 1488 1266 esse
1516 1181 1598 1280 dei,
1626 1181 1699 1264 sed
1718 1183 1795 1264 viri
1824 1181 2082 1294 comprobat.

698 1346 910 1429 Nummus
928 1346 1017 1428 sine
1036 1345 1271 1454 suspicione
1286 1345 1463 1426 fraudis·

1275 1801 1509 1906 lmus

1041 2041 1182 2154 Caput
1199 2043 1420 2126 barbatum
1439 2059 1481 2126 et
1495 2043 1738 2125 laureatum.

768 2314 773 2322 .
835 2260 1027 2333 ΚΩΙΩΝ.
1085 2258 1314 2335 ΑΓΛΑΟΣ.
1375 2252 1557 2335 Baculus
1579 2251 1833 2362 Aesculapii.

1245 2459 1328 2525 Tab.
1342 2470 1374 2526 2.
1391 2460 1462 2548 rig.
1479 2469 1533 2526 20.

783 2641 950 2754 Aglaos,
972 2643 1015 2723 ui
1036 2641 1169 2738 fallor,
1192 2670 1322 2724 novus
1342 2643 1607 2753 magistratus
1625 2660 1700 2725 est.

783 2801 878 2884 Fuit
906 2803 947 2882 in
980 2803 1058 2883 hac
1089 2799 1224 2883 insula
1242 2799 1483 2911 Aesculapii
1503 2802 1706 2912 templum
1739 2805 2088 2916 augustissimum.

785 2961 971 3072 Propert.
996 2973 1032 3044 1.
1052 2971 1091 3044 2.
1150 2957 1339 3043 Vestium
1356 2964 1558 3058 tenuium,
1587 2987 1698 3070 quae
1716 2961 1830 3046 Coae
1847 2964 1986 3047 dictae
2004 2991 2090 3046 me-

700 3123 835 3206 minit.

937 3284 1044 3375 Quid
1047 3287 1170 3390 juvat
1190 3295 1326 3364 ornato
1340 3285 1562 3391 procedere,
1580 3281 1676 3380 rita,
1696 3285 1847 3392 capillo,

941 3443 999 3524 El
1018 3456 1150 3526 tenues
1167 3441 1250 3525 Coa
1266 3455 1367 3525 '0638ss
1388 3471 1534 3524 movere
1552 3443 1669 3525 sinus.

1007 3923 1781 4104 nnunlnusruolnrs

817 4179 960 4289 Eques
976 4197 1158 4262 armatus
1178 4179 1421 4264 citatissime
1435 4180 1609 4264 vehitur.
1667 4182 1797 4280 Infra,
1815 4181 1992 4289 thyrsus.

873 4395 1074 4472 AAPAA.
1151 4391 1301 4475 Gallus
1321 4409 1447 4472 stans.
1504 4389 1592 4474 Sub
1607 4392 1784 4502 pedibus
1801 4393 1931 4504 spica.

1252 4597 1541 4686 rabenger.

791 4785 843 4867 In
872 4783 963 4866 aliis
992 4783 1182 4867 Dardani
1202 4785 1381 4868 nummis
1401 4791 1491 4867 ΔΑ.
1523 4791 1645 4867 ΔΑΡ.
1667 4791 1829 4867 ΔΑΡΔ.
1861 4785 2026 4898 saepius
2042 4785 2096 4868 le·

709 4964 880 5061 guntur:
912 4973 988 5028 nec
1008 4945 1172 5051 thyrsus
1191 4963 1388 5057 repertus
1450 4946 1584 5056 Hujus
1600 4947 1712 5027 urbis
1728 4945 1889 5027 nummi
1905 4973 1981 5057 pro
1998 4947 2097 5028 raris

709 5107 932 5209 habentur:
962 5106 1079 5189 aenei
1098 5133 1253 5188 omues.
1315 5105 1397 5188 Hic
1417 5121 1554 5188 noster
1572 5108 1727 5216 integer
1743 5122 1817 5203 est,
1833 5122 1875 5187 et
1892 5107 2069 5216 elegans.
