5210 6768
1193 979 1259 1087 37

891 1378 1205 1484 SALAMIS
1247 1375 1537 1484 INSULA.

854 1613 995 1730 Caput
1018 1617 1217 1701 muliebre
1244 1618 1352 1700 tiara
1378 1631 1584 1700 omatum.

576 1825 644 1902 ΣΑ
665 1829 751 1903 ΛΔ.
809 1819 1020 1933 Clypeum
1042 1821 1303 1920 Boeotieum,
1318 1821 1362 1902 in
1383 1823 1499 1934 cujus
1514 1821 1655 1908 medio
1674 1821 1870 1934 pharetra

1062 2011 1160 2066 cum
1183 1982 1364 2080 viuculo.

1052 2187 1136 2256 Tab.
1164 2199 1196 2258 5.
1229 2191 1303 2279 Fig.
1327 2203 1377 2257 ll.

618 2375 703 2458 Hos
733 2403 925 2458 nummos
958 2375 1183 2458 Eokhelius
1215 2377 1452 2484 Larymnae
1485 2375 1685 2462 Boeotiae
1718 2377 1918 2462 attribuit.

532 2535 807 2620 Neomannus
829 2565 1046 2620 nummum
1066 2535 1210 2633 edidit,
1229 2535 1271 2618 iu
1293 2562 1379 2645 quo
1408 2537 1507 2650 legit
1527 2547 1612 2620 ΔΛ.
1636 2543 1718 2621 EA.
1740 2567 1816 2651 pro
1837 2545 1919 2624 ΣΑ.

533 2708 618 2780 ΛΑ.
634 2697 1218 2808 etLarymnaeSaiganeoque
1230 2694 1416 2808 ejusdem
1442 2697 1612 2784 Boedas
1624 2699 1811 2799 urbibus,
1825 2729 1922 2785 eum

533 2858 661 2941 dedit.
727 2857 916 2940 Tandem
952 2856 1164 2952 Sestinius‚
1202 2855 1244 2936 in
1279 2855 1371 2938 aliis
1407 2858 1608 2942 similibus
1644 2865 1800 2944 ΣΑΔΑ.
1837 2888 1922 2946 uuo

533 3019 660 3102 verbo
678 3018 831 3130 legens,
850 3018 905 3100 ad
924 3017 1136 3101 Salamiua
1155 3015 1332 3104 insulam
1349 3045 1419 3100 eos
1439 3021 1667 3115 revocavit;
1696 3023 1814 3135 cujus
1834 3051 1925 3107 seu·

536 3181 687 3264 tentiae
704 3180 879 3262 libenter
897 3178 1069 3262 accedo.

622 3341 799 3424 Nummi
824 3341 946 3454 hujus
973 3340 1131 3424 insulae
1160 3341 1266 3426 inter
1296 3341 1467 3425 rariores
1486 3341 1706 3426 referendi:
1735 3343 1799 3428 his
1830 3345 1925 3430 solis

537 3501 725 3614 cognitis.

621 3663 774 3746 Noster
793 3660 1077 3774 integerrimus
1096 3677 1171 3760 est,
1191 3676 1233 3744 et
1252 3660 1447 3776 pharetra
1464 3664 1728 3778 conspicuus.

947 4043 1190 4147 SAMOS
1230 4043 1519 4151 INSULA.

1008 4283 1110 4368 Pars
1130 4286 1247 4367 navis
1270 4287 1463 4371 anterior.

790 4497 1018 4576 ΣΑΜΙΩΝ.
1076 4495 1197 4579 Idem
1227 4513 1353 4607 typus
1372 4525 1470 4580 cum
1493 4497 1683 4586 tridente.

1082 4699 1165 4767 Tub.
1191 4710 1224 4769 5.
1249 4703 1323 4790 Fig.
1350 4713 1399 4770 η.

628 4885 890 4999 Pythagorae
909 4887 1057 5000 patria.
1076 4887 1163 4971 Sid.
1184 4889 1368 5001 Apollin.

710 5049 863 5130 Asterie
883 5051 976 5131 lmec
994 5052 1145 5134 Samius
1155 5065 1242 5162 post
1262 5055 1376 5135 docto
1393 5052 1547 5134 silentio
1568 5053 1683 5134 lustri

707 5208 970 5322 Pythagoras.
