<?xml version="1.0" encoding="UTF-8"?>
<!DOCTYPE html PUBLIC "-//W3C//DTD XHTML 1.0 Transitional//EN"
    "http://www.w3.org/TR/xhtml1/DTD/xhtml1-transitional.dtd">
<html xmlns="http://www.w3.org/1999/xhtml" xml:lang="en" lang="en">
 <head>
  <title>
</title>
<meta http-equiv="Content-Type" content="text/html;charset=utf-8" />
  <meta name='ocr-system' content='tesseract 3.04.00' />
  <meta name='ocr-capabilities' content='ocr_page ocr_carea ocr_par ocr_line ocrx_word'/>
</head>
<body>
  <div class='ocr_page' id='page_1' title='image "./populorumeturbi00harwgoog_0028.png"; bbox 0 0 5210 6768; ppageno 0'>
   <div class='ocr_carea' id='block_1_1' title="bbox 1173 949 1203 1038">
    <p class='ocr_par' dir='ltr' id='par_1_1' title="bbox 1173 949 1203 1038">
     <span class='ocr_line' id='line_1_1' title="bbox 1173 949 1203 1038; baseline 0 0"><span class='ocrx_word' id='word_1_1' title='bbox 1173 949 1203 1038; x_wconf 83' lang='lat'><em>5</em></span> 
     </span>
    </p>
   </div>
   <div class='ocr_carea' id='block_1_2' title="bbox 571 1214 1881 1328">
    <p class='ocr_par' dir='ltr' id='par_1_2' title="bbox 571 1214 1881 1328">
     <span class='ocr_line' id='line_1_2' title="bbox 571 1214 1881 1328; baseline -0.002 -29"><span class='ocrx_word' id='word_1_2' title='bbox 571 1215 716 1328; x_wconf 86' lang='lat' dir='ltr'><strong>Typus</strong></span> <span class='ocrx_word' id='word_1_3' title='bbox 733 1215 802 1299; x_wconf 85' lang='lat' dir='ltr'><strong>hic</strong></span> <span class='ocrx_word' id='word_1_4' title='bbox 822 1217 876 1300; x_wconf 87' lang='lat' dir='ltr'><strong>ad</strong></span> <span class='ocrx_word' id='word_1_5' title='bbox 897 1215 1054 1314; x_wconf 84' lang='lat' dir='ltr'><strong>lunam,</strong></span> <span class='ocrx_word' id='word_1_6' title='bbox 1083 1245 1109 1298; x_wconf 84' lang='lat' dir='ltr'><strong>a</strong></span> <span class='ocrx_word' id='word_1_7' title='bbox 1139 1215 1259 1300; x_wconf 88' lang='lat' dir='ltr'><strong>Pano</strong></span> <span class='ocrx_word' id='word_1_8' title='bbox 1284 1214 1499 1327; x_wconf 76' lang='lat' dir='ltr'><strong>deperdito</strong></span> <span class='ocrx_word' id='word_1_9' title='bbox 1530 1231 1727 1314; x_wconf 82' lang='lat' dir='ltr'><strong>amotam,</strong></span> <span class='ocrx_word' id='word_1_10' title='bbox 1755 1215 1881 1327; x_wconf 83' lang='lat' dir='ltr'><strong>plane</strong></span> 
     </span>
    </p>
   </div>
   <div class='ocr_carea' id='block_1_3' title="bbox 489 1377 1878 1968">
    <p class='ocr_par' dir='ltr' id='par_1_3' title="bbox 489 1377 1878 1650">
     <span class='ocr_line' id='line_1_3' title="bbox 489 1377 1878 1490; baseline -0.001 -32"><span class='ocrx_word' id='word_1_11' title='bbox 489 1395 767 1487; x_wconf 71' lang='lat' dir='ltr'><strong>spontaneum</strong></span> <span class='ocrx_word' id='word_1_12' title='bbox 781 1378 825 1460; x_wconf 91' lang='lat' dir='ltr'><strong>in</strong></span> <span class='ocrx_word' id='word_1_13' title='bbox 840 1378 1007 1460; x_wconf 89' lang='lat' dir='ltr'><strong>niveum</strong></span> <span class='ocrx_word' id='word_1_14' title='bbox 1022 1379 1191 1461; x_wconf 79' lang='lat' dir='ltr'><strong>arietem</strong></span> <span class='ocrx_word' id='word_1_15' title='bbox 1205 1377 1530 1490; x_wconf 86' lang='lat' dir='ltr'><strong>pulcherrimum</strong></span> <span class='ocrx_word' id='word_1_16' title='bbox 1542 1405 1586 1460; x_wconf 85' lang='lat' dir='ltr'><strong>se</strong></span> <span class='ocrx_word' id='word_1_17' title='bbox 1600 1378 1878 1461; x_wconf 82' lang='lat' dir='ltr'><strong>convertisset.</strong></span> 
     </span>
     <span class='ocr_line' id='line_1_4' title="bbox 489 1535 1066 1650; baseline 0.005 -33"><span class='ocrx_word' id='word_1_18' title='bbox 489 1535 636 1648; x_wconf 85' lang='lat' dir='ltr'><strong>Virgil.</strong></span> <span class='ocrx_word' id='word_1_19' title='bbox 667 1537 850 1650; x_wconf 86' lang='lat' dir='ltr'><strong>Georgio</strong></span> <span class='ocrx_word' id='word_1_20' title='bbox 867 1547 908 1622; x_wconf 83' lang='lat'><strong>3.</strong></span> <span class='ocrx_word' id='word_1_21' title='bbox 926 1539 954 1619; x_wconf 92' lang='lat' dir='ltr'><strong>l.</strong></span> <span class='ocrx_word' id='word_1_22' title='bbox 969 1546 1066 1634; x_wconf 78' lang='lat'><strong>391.</strong></span> 
     </span>
    </p>

    <p class='ocr_par' dir='ltr' id='par_1_4' title="bbox 683 1699 1688 1796">
     <span class='ocr_line' id='line_1_5' title="bbox 683 1699 1688 1796; baseline 0.001 -16"><span class='ocrx_word' id='word_1_23' title='bbox 683 1699 854 1780; x_wconf 81' lang='lat' dir='ltr'><strong>Munere</strong></span> <span class='ocrx_word' id='word_1_24' title='bbox 873 1701 926 1780; x_wconf 80' lang='lat' dir='ltr'><strong>sic</strong></span> <span class='ocrx_word' id='word_1_25' title='bbox 945 1701 1052 1780; x_wconf 82' lang='lat' dir='ltr'><strong>niueo</strong></span> <span class='ocrx_word' id='word_1_26' title='bbox 1071 1701 1197 1796; x_wconf 82' lang='lat' dir='ltr'><strong>lonae,</strong></span> <span class='ocrx_word' id='word_1_27' title='bbox 1685 1793 1688 1796; x_wconf 44' lang='grc'><strong>,</strong></span> 
     </span>
    </p>

    <p class='ocr_par' dir='ltr' id='par_1_5' title="bbox 686 1853 1687 1968">
     <span class='ocr_line' id='line_1_6' title="bbox 686 1853 1687 1968; baseline -0.005 -27"><span class='ocrx_word' id='word_1_28' title='bbox 686 1861 775 1941; x_wconf 88' lang='lat' dir='ltr'><strong>Pan</strong></span> <span class='ocrx_word' id='word_1_29' title='bbox 793 1863 886 1941; x_wconf 77' lang='lat' dir='ltr'><strong>dens</strong></span> <span class='ocrx_word' id='word_1_30' title='bbox 903 1859 1101 1942; x_wconf 79' lang='lat' dir='ltr'><strong><em>Arcadiae</em></strong></span> <span class='ocrx_word' id='word_1_31' title='bbox 1121 1870 1274 1968; x_wconf 82' lang='lat' dir='ltr'><strong>coptam</strong></span> <span class='ocrx_word' id='word_1_32' title='bbox 1295 1871 1346 1954; x_wconf 85' lang='lat' dir='ltr'><strong>te,</strong></span> <span class='ocrx_word' id='word_1_33' title='bbox 1367 1857 1497 1952; x_wconf 83' lang='lat' dir='ltr'><strong>Luna,</strong></span> <span class='ocrx_word' id='word_1_34' title='bbox 1519 1853 1687 1962; x_wconf 82' lang='lat' dir='ltr'><strong>fefellit.</strong></span> 
     </span>
    </p>
   </div>
   <div class='ocr_carea' id='block_1_4' title="bbox 490 2061 1883 2662">
    <p class='ocr_par' dir='ltr' id='par_1_6' title="bbox 490 2061 1883 2662">
     <span class='ocr_line' id='line_1_7' title="bbox 574 2061 1881 2176; baseline 0.002 -32"><span class='ocrx_word' id='word_1_35' title='bbox 574 2061 750 2144; x_wconf 89' lang='lat' dir='ltr'><strong>Illustris</strong></span> <span class='ocrx_word' id='word_1_36' title='bbox 770 2080 832 2145; x_wconf 88' lang='lat' dir='ltr'><strong>est</strong></span> <span class='ocrx_word' id='word_1_37' title='bbox 851 2061 920 2146; x_wconf 90' lang='lat' dir='ltr'><strong>hic</strong></span> <span class='ocrx_word' id='word_1_38' title='bbox 936 2092 1145 2162; x_wconf 89' lang='lat' dir='ltr'><strong>nummus,</strong></span> <span class='ocrx_word' id='word_1_39' title='bbox 1163 2081 1253 2146; x_wconf 92' lang='lat' dir='ltr'><strong>tum</strong></span> <span class='ocrx_word' id='word_1_40' title='bbox 1273 2081 1505 2176; x_wconf 71' lang='lat' dir='ltr'><strong>propterea,</strong></span> <span class='ocrx_word' id='word_1_41' title='bbox 1524 2065 1639 2173; x_wconf 92' lang='lat' dir='ltr'><strong>quod</strong></span> <span class='ocrx_word' id='word_1_42' title='bbox 1659 2081 1781 2147; x_wconf 80' lang='lat' dir='ltr'><strong>anton</strong></span> <span class='ocrx_word' id='word_1_43' title='bbox 1795 2091 1881 2146; x_wconf 92' lang='lat' dir='ltr'><strong>non</strong></span> 
     </span>
     <span class='ocr_line' id='line_1_8' title="bbox 491 2222 1883 2338; baseline 0.003 -35"><span class='ocrx_word' id='word_1_44' title='bbox 491 2222 694 2333; x_wconf 86' lang='lat' dir='ltr'><strong>cognitus,</strong></span> <span class='ocrx_word' id='word_1_45' title='bbox 723 2240 814 2306; x_wconf 93' lang='lat' dir='ltr'><strong>tum</strong></span> <span class='ocrx_word' id='word_1_46' title='bbox 842 2225 982 2322; x_wconf 86' lang='lat' dir='ltr'><strong>etiam,</strong></span> <span class='ocrx_word' id='word_1_47' title='bbox 1012 2224 1127 2338; x_wconf 90' lang='lat' dir='ltr'><strong>quod</strong></span> <span class='ocrx_word' id='word_1_48' title='bbox 1146 2253 1290 2308; x_wconf 82' lang='lat' dir='ltr'><strong>aversa</strong></span> <span class='ocrx_word' id='word_1_49' title='bbox 1308 2253 1403 2336; x_wconf 82' lang='lat' dir='ltr'><strong>pars</strong></span> <span class='ocrx_word' id='word_1_50' title='bbox 1422 2243 1711 2336; x_wconf 84' lang='lat' dir='ltr'><strong>argumentum</strong></span> <span class='ocrx_word' id='word_1_51' title='bbox 1729 2227 1788 2308; x_wconf 86' lang='lat' dir='ltr'><strong>rei</strong></span> <span class='ocrx_word' id='word_1_52' title='bbox 1806 2255 1883 2308; x_wconf 91' lang='lat' dir='ltr'><strong>nu·</strong></span> 
     </span>
     <span class='ocr_line' id='line_1_9' title="bbox 490 2383 1881 2500; baseline 0.005 -37"><span class='ocrx_word' id='word_1_53' title='bbox 490 2383 748 2466; x_wconf 84' lang='lat' dir='ltr'><strong>mismaticae</strong></span> <span class='ocrx_word' id='word_1_54' title='bbox 763 2387 1033 2496; x_wconf 88' lang='lat' dir='ltr'><strong>scriptoribus</strong></span> <span class='ocrx_word' id='word_1_55' title='bbox 1052 2386 1190 2470; x_wconf 87' lang='lat' dir='ltr'><strong>adhuc</strong></span> <span class='ocrx_word' id='word_1_56' title='bbox 1216 2387 1406 2498; x_wconf 86' lang='lat' dir='ltr'><strong>ignotum</strong></span> <span class='ocrx_word' id='word_1_57' title='bbox 1424 2388 1632 2500; x_wconf 86' lang='lat' dir='ltr'><strong>proponit.</strong></span> <span class='ocrx_word' id='word_1_58' title='bbox 1691 2389 1881 2470; x_wconf 87' lang='lat' dir='ltr'><strong>Aeneum</strong></span> 
     </span>
     <span class='ocr_line' id='line_1_10' title="bbox 491 2546 1882 2662; baseline 0.006 -39"><span class='ocrx_word' id='word_1_59' title='bbox 491 2553 678 2628; x_wconf 86' lang='grc' dir='ltr'>ΑΛΕΩΝ</span> <span class='ocrx_word' id='word_1_60' title='bbox 689 2562 734 2650; x_wconf 90' lang='lat' dir='ltr'><strong>ty</strong></span> <span class='ocrx_word' id='word_1_61' title='bbox 737 2573 794 2657; x_wconf 94' lang='lat' dir='ltr'><strong>po</strong></span> <span class='ocrx_word' id='word_1_62' title='bbox 807 2547 834 2626; x_wconf 92' lang='lat' dir='ltr'>J</span> <span class='ocrx_word' id='word_1_63' title='bbox 836 2546 924 2628; x_wconf 90' lang='lat' dir='ltr'><strong>ovis</strong></span> <span class='ocrx_word' id='word_1_64' title='bbox 945 2547 1123 2633; x_wconf 87' lang='lat' dir='ltr'><strong>sedentis</strong></span> <span class='ocrx_word' id='word_1_65' title='bbox 1135 2547 1218 2632; x_wconf 86' lang='lat' dir='ltr'><strong>huo</strong></span> <span class='ocrx_word' id='word_1_66' title='bbox 1233 2548 1470 2632; x_wconf 83' lang='lat' dir='ltr'><strong>vocandum</strong></span> <span class='ocrx_word' id='word_1_67' title='bbox 1486 2566 1607 2662; x_wconf 86' lang='lat' dir='ltr'><strong>putat</strong></span> <span class='ocrx_word' id='word_1_68' title='bbox 1622 2549 1861 2632; x_wconf 86' lang='lat' dir='ltr'><strong>Pellerinius</strong></span> <span class='ocrx_word' id='word_1_69' title='bbox 1870 2579 1882 2642; x_wconf 92' lang='lat'>;</span> 
     </span>
    </p>
   </div>
   <div class='ocr_carea' id='block_1_5' title="bbox 361 2697 1883 2798">
    <p class='ocr_par' dir='ltr' id='par_1_7' title="bbox 361 2697 1883 2798">
     <span class='ocr_line' id='line_1_11' title="bbox 361 2697 1883 2798; baseline 0.006 -13"><span class='ocrx_word' id='word_1_70' title='bbox 361 2705 363 2710; x_wconf 77' lang='grc'><strong>’</strong></span> <span class='ocrx_word' id='word_1_71' title='bbox 491 2705 655 2788; x_wconf 88' lang='lat' dir='ltr'><strong>dubitat</strong></span> <span class='ocrx_word' id='word_1_72' title='bbox 669 2723 809 2792; x_wconf 84' lang='lat' dir='ltr'><strong>tamen</strong></span> <span class='ocrx_word' id='word_1_73' title='bbox 827 2735 881 2789; x_wconf 86' lang='lat' dir='ltr'><strong>nn</strong></span> <span class='ocrx_word' id='word_1_74' title='bbox 900 2735 985 2794; x_wconf 88' lang='lat' dir='ltr'><strong>non</strong></span> <span class='ocrx_word' id='word_1_75' title='bbox 1004 2707 1119 2798; x_wconf 85' lang='lat' dir='ltr'><strong>aliud</strong></span> <span class='ocrx_word' id='word_1_76' title='bbox 1138 2707 1243 2790; x_wconf 86' lang='lat' dir='ltr'><strong>forte</strong></span> <span class='ocrx_word' id='word_1_77' title='bbox 1261 2697 1508 2791; x_wconf 82' lang='lat' dir='ltr'><strong>elementum</strong></span> <span class='ocrx_word' id='word_1_78' title='bbox 1527 2723 1699 2792; x_wconf 83' lang='lat' dir='ltr'><strong>nummo</strong></span> <span class='ocrx_word' id='word_1_79' title='bbox 1718 2738 1794 2794; x_wconf 89' lang='lat' dir='ltr'><strong>suo</strong></span> <span class='ocrx_word' id='word_1_80' title='bbox 1812 2739 1883 2794; x_wconf 85' lang='lat' dir='ltr'><strong>ex·</strong></span> 
     </span>
    </p>
   </div>
   <div class='ocr_carea' id='block_1_6' title="bbox 491 2863 1587 2984">
    <p class='ocr_par' dir='ltr' id='par_1_8' title="bbox 491 2863 1587 2984">
     <span class='ocr_line' id='line_1_12' title="bbox 491 2863 1587 2984; baseline 0.005 -38"><span class='ocrx_word' id='word_1_81' title='bbox 491 2863 652 2949; x_wconf 88' lang='lat' dir='ltr'><strong>clusum</strong></span> <span class='ocrx_word' id='word_1_82' title='bbox 670 2865 906 2984; x_wconf 82' lang='lat' dir='ltr'><strong>praecedat.</strong></span> <span class='ocrx_word' id='word_1_83' title='bbox 980 2867 1074 2954; x_wconf 83' lang='lat' dir='ltr'><strong>Vide</strong></span> <span class='ocrx_word' id='word_1_84' title='bbox 1090 2867 1251 2952; x_wconf 78' lang='lat' dir='ltr'><strong>Ecttet.</strong></span> <span class='ocrx_word' id='word_1_85' title='bbox 1272 2867 1352 2952; x_wconf 89' lang='lat' dir='ltr'><strong>Vol.</strong></span> <span class='ocrx_word' id='word_1_86' title='bbox 1373 2877 1412 2954; x_wconf 73' lang='lat'><strong>2.</strong></span> <span class='ocrx_word' id='word_1_87' title='bbox 1427 2897 1471 2982; x_wconf 84' lang='lat' dir='ltr'><strong>p.</strong></span> <span class='ocrx_word' id='word_1_88' title='bbox 1491 2877 1587 2965; x_wconf 70' lang='lat'><strong>294.</strong></span> 
     </span>
    </p>
   </div>
   <div class='ocr_carea' id='block_1_7' title="bbox 749 3271 1628 3382">
    <p class='ocr_par' dir='ltr' id='par_1_9' title="bbox 749 3271 1628 3382">
     <span class='ocr_line' id='line_1_13' title="bbox 749 3271 1628 3382; baseline 0.009 -8"><span class='ocrx_word' id='word_1_89' title='bbox 749 3271 1249 3379; x_wconf 89' lang='lat' dir='ltr'><strong>ALEXANDRIA</strong></span> <span class='ocrx_word' id='word_1_90' title='bbox 1286 3275 1628 3382; x_wconf 87' lang='lat' dir='ltr'><strong>TROADIS.</strong></span> 
     </span>
    </p>
   </div>
   <div class='ocr_carea' id='block_1_8' title="bbox 753 3509 1610 3622">
    <p class='ocr_par' dir='ltr' id='par_1_10' title="bbox 753 3509 1610 3622">
     <span class='ocr_line' id='line_1_14' title="bbox 753 3509 1610 3622; baseline 0.007 -28"><span class='ocrx_word' id='word_1_91' title='bbox 753 3509 891 3622; x_wconf 82' lang='lat' dir='ltr'><strong>Caput</strong></span> <span class='ocrx_word' id='word_1_92' title='bbox 909 3511 1115 3622; x_wconf 88' lang='lat' dir='ltr'><strong>Apollinis</strong></span> <span class='ocrx_word' id='word_1_93' title='bbox 1130 3513 1360 3598; x_wconf 83' lang='lat' dir='ltr'><strong>laureatum</strong></span> <span class='ocrx_word' id='word_1_94' title='bbox 1378 3517 1610 3600; x_wconf 84' lang='lat' dir='ltr'><strong>adversum.</strong></span> 
     </span>
    </p>
   </div>
   <div class='ocr_carea' id='block_1_9' title="bbox 491 3721 1880 3996">
    <p class='ocr_par' dir='ltr' id='par_1_11' title="bbox 491 3721 1880 3996">
     <span class='ocr_line' id='line_1_15' title="bbox 573 3721 1880 3830; baseline 0.01 -30"><span class='ocrx_word' id='word_1_95' title='bbox 573 3725 846 3804; x_wconf 83' lang='grc' dir='ltr'>ΑΛΕΞΑΝΔ.</span> <span class='ocrx_word' id='word_1_96' title='bbox 933 3721 1049 3829; x_wconf 89' lang='lat' dir='ltr'><strong>Lyra</strong></span> <span class='ocrx_word' id='word_1_97' title='bbox 1087 3724 1196 3806; x_wconf 87' lang='lat' dir='ltr'><strong>intra</strong></span> <span class='ocrx_word' id='word_1_98' title='bbox 1234 3753 1433 3809; x_wconf 84' lang='lat' dir='ltr'><strong>coronam</strong></span> <span class='ocrx_word' id='word_1_99' title='bbox 1471 3729 1665 3812; x_wconf 82' lang='lat' dir='ltr'><strong>lauream.</strong></span> <span class='ocrx_word' id='word_1_100' title='bbox 1750 3729 1880 3830; x_wconf 84' lang='lat' dir='ltr'><strong>lnfra,</strong></span> 
     </span>
     <span class='ocr_line' id='line_1_16' title="bbox 491 3908 819 3996; baseline 0 -34"><span class='ocrx_word' id='word_1_101' title='bbox 491 3908 819 3996; x_wconf 82' lang='lat' dir='ltr'><strong>monogramma.</strong></span> 
     </span>
    </p>
   </div>
   <div class='ocr_carea' id='block_1_10' title="bbox 1029 4087 1341 4180">
    <p class='ocr_par' dir='ltr' id='par_1_12' title="bbox 1029 4087 1341 4180">
     <span class='ocr_line' id='line_1_17' title="bbox 1029 4087 1341 4180; baseline 0.019 -26"><span class='ocrx_word' id='word_1_102' title='bbox 1029 4087 1111 4155; x_wconf 84' lang='lat' dir='ltr'><strong>Tob.</strong></span> <span class='ocrx_word' id='word_1_103' title='bbox 1138 4101 1167 4155; x_wconf 92' lang='lat'><strong>1.</strong></span> <span class='ocrx_word' id='word_1_104' title='bbox 1190 4091 1263 4180; x_wconf 86' lang='lat' dir='ltr'><strong>Fig.</strong></span> <span class='ocrx_word' id='word_1_105' title='bbox 1291 4102 1341 4160; x_wconf 73' lang='lat'><strong>12.</strong></span> 
     </span>
    </p>
   </div>
   <div class='ocr_carea' id='block_1_11' title="bbox 1063 4471 1297 4578">
    <p class='ocr_par' dir='ltr' id='par_1_13' title="bbox 1063 4471 1297 4578">
     <span class='ocr_line' id='line_1_18' title="bbox 1063 4471 1297 4578; baseline 0.009 -5"><span class='ocrx_word' id='word_1_106' title='bbox 1063 4471 1297 4578; x_wconf 86' lang='lat' dir='ltr'><strong>ALIUS.</strong></span> 
     </span>
    </p>
   </div>
   <div class='ocr_carea' id='block_1_12' title="bbox 864 4705 1507 4823">
    <p class='ocr_par' dir='ltr' id='par_1_14' title="bbox 864 4705 1507 4823">
     <span class='ocr_line' id='line_1_19' title="bbox 864 4705 1507 4823; baseline 0.009 -31"><span class='ocrx_word' id='word_1_107' title='bbox 864 4705 1005 4822; x_wconf 85' lang='lat' dir='ltr'><strong>Caput</strong></span> <span class='ocrx_word' id='word_1_108' title='bbox 1031 4709 1238 4823; x_wconf 90' lang='lat' dir='ltr'><strong>Apollinis</strong></span> <span class='ocrx_word' id='word_1_109' title='bbox 1265 4714 1507 4799; x_wconf 85' lang='lat' dir='ltr'><strong>laureatum.</strong></span> 
     </span>
    </p>
   </div>
   <div class='ocr_carea' id='block_1_13' title="bbox 490 4917 1875 5191">
    <p class='ocr_par' dir='ltr' id='par_1_15' title="bbox 490 4917 1875 5191">
     <span class='ocr_line' id='line_1_20' title="bbox 571 4917 1875 5044; baseline 0.013 -46"><span class='ocrx_word' id='word_1_110' title='bbox 571 4923 843 5001; x_wconf 81' lang='grc' dir='ltr'><strong>ΑΛΕΞΑΝΔ.</strong></span> <span class='ocrx_word' id='word_1_111' title='bbox 901 4917 1048 5030; x_wconf 92' lang='lat' dir='ltr'><strong>Equus</strong></span> <span class='ocrx_word' id='word_1_112' title='bbox 1073 4949 1261 5032; x_wconf 85' lang='lat' dir='ltr'><strong>pascens.</strong></span> <span class='ocrx_word' id='word_1_113' title='bbox 1317 4925 1441 5026; x_wconf 88' lang='lat' dir='ltr'><strong>Ante,</strong></span> <span class='ocrx_word' id='word_1_114' title='bbox 1470 4927 1555 5012; x_wconf 94' lang='lat' dir='ltr'><strong>duo</strong></span> <span class='ocrx_word' id='word_1_115' title='bbox 1573 4929 1739 5044; x_wconf 79' lang='lat' dir='ltr'><strong>palmae</strong></span> <span class='ocrx_word' id='word_1_116' title='bbox 1756 4935 1875 5018; x_wconf 83' lang='lat' dir='ltr'><strong>rami.</strong></span> 
     </span>
     <span class='ocr_line' id='line_1_21' title="bbox 490 5077 953 5191; baseline 0.004 -31"><span class='ocrx_word' id='word_1_117' title='bbox 490 5077 607 5162; x_wconf 87' lang='lat' dir='ltr'><strong>Infra</strong></span> <span class='ocrx_word' id='word_1_118' title='bbox 623 5105 953 5191; x_wconf 85' lang='lat' dir='ltr'><strong>monogramma.</strong></span> 
     </span>
    </p>
   </div>
   <div class='ocr_carea' id='block_1_14' title="bbox 1027 5288 1335 5383">
    <p class='ocr_par' dir='ltr' id='par_1_16' title="bbox 1027 5288 1335 5383">
     <span class='ocr_line' id='line_1_22' title="bbox 1027 5288 1335 5383; baseline 0.019 -27"><span class='ocrx_word' id='word_1_119' title='bbox 1027 5288 1109 5358; x_wconf 84' lang='lat' dir='ltr'><strong>Tob.</strong></span> <span class='ocrx_word' id='word_1_120' title='bbox 1136 5301 1164 5357; x_wconf 93' lang='grc'><strong>1.</strong></span> <span class='ocrx_word' id='word_1_121' title='bbox 1185 5292 1259 5383; x_wconf 86' lang='lat' dir='ltr'><strong>Fig.</strong></span> <span class='ocrx_word' id='word_1_122' title='bbox 1285 5305 1335 5364; x_wconf 83' lang='grc'><strong>13.</strong></span> 
     </span>
    </p>
   </div>
   <div class='ocr_carea' id='block_1_15' title="bbox 0 0 2618 6768">
    <p class='ocr_par' dir='ltr' id='par_1_17' title="bbox 0 0 2618 6768">
     <span class='ocr_line' id='line_1_23' title="bbox 0 0 2618 6768; baseline 0 0"><span class='ocrx_word' id='word_1_123' title='bbox 0 0 2618 6768; x_wconf 95' lang='lat' dir='ltr'><strong> </strong></span> 
     </span>
    </p>
   </div>
  </div>
 </body>
</html>
