5210 6768
993 1572 1504 1693 LECTORI.

555 1911 788 2044 Nurum
816 1977 1006 2060 omnes,
1047 1941 1134 2076 qui
1173 1941 1225 2038 in
1259 1939 1357 2040 hoc
1390 1973 1542 2074 opere
1581 1932 1836 2073 descripti,
1875 1971 1940 2032 ex

552 2185 665 2248 aere
700 2167 842 2268 sunt3
881 2181 1098 2284 quornm
1135 2143 1366 2244 nonnulli
1399 2145 1642 2282 incogniti
1683 2179 1848 2278 neque
1885 2141 1938 2238 in

552 2353 865 2456 eruditorum
891 2350 1115 2469 cimeliis,
1154 2387 1321 2486 neque
1359 2349 1497 2488 apud
1535 2371 1765 2449 auctores
1798 2383 1940 2484 repe-

550 2559 767 2664 riuntur.
843 2553 1042 2657 Caeteri
1062 2577 1213 2694 typos
1238 2555 1471 2674 ineditos,
1496 2555 1577 2656 vel
1597 2554 1662 2654 ab
1688 2555 1747 2654 iis
1774 2552 1938 2656 adhuc

551 2764 765 2902 cognitis
798 2762 1036 2882 diversos,
1071 2784 1160 2863 aut
1187 2762 1285 2864 alia
1308 2761 1550 2880 notanda,
1578 2761 1630 2868 ni
1655 2759 1818 2876 fallor,
1853 2791 1938 2859 ex-

551 2971 743 3078 hibent.

654 3385 835 3488 Fateor
869 3427 949 3489 me
987 3389 1160 3528 aliqua
1195 3391 1512 3510 numismata,
1554 3427 1686 3528 quae
1724 3385 1788 3486 ab
1826 3387 1936 3486 aliis

547 3619 692 3698 antea
713 3599 947 3735 vulgatis,
975 3597 1111 3699 haud
1141 3599 1356 3700 multum
1383 3559 1684 3736 discrepant,
1713 3593 1793 3697 bic
1819 3633 1935 3734 pro·

545 3805 738 3923 tulisse3
777 3803 866 3906 sed
890 3803 1182 3924 videndum,
1216 3805 1303 3908 illa
1327 3804 1388 3905 ad
1418 3806 1651 3943 antiquas
1675 3841 1797 3940 opes
1823 3841 1932 3903 nos·

543 4031 646 4111 tras
669 4047 839 4112 veram
864 4013 1215 4132 accessionem,
1246 4034 1298 4112 et
1320 4013 1613 4114 varietatem
1639 4009 1842 4135 afferre3
1881 4033 1933 4110 et

545 4255 624 4320 me
656 4259 720 4320 ex
751 4222 823 4320 rei
861 4220 1238 4320 numismaticae
1277 4219 1609 4359 scriptoribus
1638 4221 1930 4356 exemplum

544 4463 755 4527 sumere.
832 4423 929 4526 His
955 4425 1017 4524 de
1044 4427 1204 4526 causis
1233 4425 1417 4527 eruditi
1453 4427 1769 4527 venerandae
1805 4427 1930 4526 anti·

544 4633 751 4772 quitatis
765 4634 1163 4771 investigatores,
1186 4671 1314 4772 quos
1329 4632 1452 4734 haec
1472 4631 1639 4732 studia
1653 4613 1927 4754 oblectant,

541 4837 688 4940 facile
725 4837 847 4938 mihi
882 4841 1172 4977 ignoscent3
1211 4843 1292 4942 cui
1331 4840 1464 4940 enim
1502 4877 1576 4958 ea,
1615 4875 1928 4977 quamquam

542 5049 730 5185 exigua
766 5047 1056 5150 discrimina
1092 5049 1224 5150 inter
1265 5085 1316 5148 se
1359 5047 1613 5168 habentia,
1653 5085 1765 5150 cum
1809 5077 1926 5148 vere

544 5253 753 5376 Graeca,
782 5255 1038 5356 fastidium
1066 5253 1366 5356 movebunt?
