5210 6768
1115 1447 1349 1554 ALIUS.

1087 1686 1228 1798 Caput
1249 1687 1376 1772 idem.

784 1903 880 1978 ΦΩ.
905 1895 950 1978 in
969 1914 1329 2010 monogrammate
1346 1898 1456 1982 intra
1480 1898 1677 1982 lauream.

1014 2195 1020 2210 .
1076 2103 1159 2172 Tab.
1182 2115 1214 2173 5.
1238 2105 1310 2196 Fig.
1333 2115 1364 2174 Β.

620 2287 679 2372 Ηί
697 2289 859 2373 nummi
878 2289 1023 2374 inediti
1040 2309 1211 2404 propter
1229 2301 1326 2374 ΦΩ.
1346 2294 1389 2376 in
1408 2293 1559 2376 aversis
1578 2291 1790 2376 notatione
1809 2290 1925 2406 digni

534 2468 650 2544 sunt;
679 2479 779 2534 nam
809 2451 919 2536 clare
946 2453 1112 2553 docent,
1142 2483 1292 2539 aeneos
1321 2483 1464 2538 omnes
1495 2483 1593 2538 cum
1618 2454 1767 2538 iisdem
1797 2455 1925 2567 typis,

534 2639 687 2726 nempe
707 2641 803 2696 cum
829 2613 969 2724 capite
994 2614 1158 2727 galeato
1187 2615 1407 2700 adversum
1425 2617 1468 2698 in
1489 2616 1651 2710 anticis,
1680 2633 1722 2698 et
1743 2615 1860 2698 litera
1886 2623 1925 2696 Φ

535 2774 623 2856 sola
639 2803 691 2857 ex
712 2775 898 2886 partibus
927 2775 1077 2876 alteris,
1106 2805 1191 2859 non
1221 2777 1276 2860 ad
1304 2775 1529 2861 Phaestum
1560 2779 1604 2860 in
1632 2775 1758 2862 Creta
1775 2777 1924 2877 insula,

534 2935 603 3017 cui
621 2933 714 3017 urbi
739 2935 938 3020 hactenus
958 2966 985 3019 a
1005 2935 1224 3024 Pellerinio
1242 2957 1284 3022 et
1300 2939 1392 3022 aliis
1412 2939 1513 3036 dati,
1541 2939 1606 3020 vel
1623 2939 1730 3023 inter
1745 2939 1923 3024 incertos

533 3095 719 3206 sepositi,
737 3095 809 3178 sed
828 3097 883 3178 ad
905 3095 1135 3182 Phocidem
1154 3101 1363 3213 regionem
1380 3101 1599 3213 pertinere.

618 3254 784 3355 Phocis,
803 3257 917 3368 regio
938 3255 1138 3353 Achaiae,
1157 3257 1201 3338 in
1221 3282 1307 3365 qua
1328 3255 1485 3368 Delphi
1505 3255 1616 3353 urbs,
1636 3271 1678 3338 et
1696 3254 1922 3340 Parnassus

533 3442 652 3499 mons
671 3445 769 3500 cum
790 3417 1007 3501 Helicone.

592 3627 718 3712 Ovid.
737 3630 840 3712 Met.
864 3640 899 3712 1.

700 3791 868 3899 Separat
887 3789 1029 3872 Aonios
1044 3787 1204 3869 Actaeis
1219 3787 1361 3870 Phocis
1378 3787 1427 3870 ab
1444 3789 1560 3872 arvis.

831 4239 1213 4344 PISAURUM
1259 4239 1617 4348 UMBRIAE.

867 4477 1008 4590 Caput
1032 4479 1233 4562 muliebre
1258 4480 1364 4562 tiara
1380 4497 1587 4564 ornatum.

680 4694 785 4773 1110.
841 4687 927 4770 Vas
945 4706 1173 4772 monotum.
1235 4687 1365 4787 Infra,
1384 4699 1766 4776 notae1111.000.

1077 4895 1159 4962 sas.
1188 4905 1220 4963 s.
1242 4897 1315 4984 Fig.
1336 4905 1369 4972 9.
