5210 6768
1150 983 1183 1094 7

917 1402 1224 1508 ASTERIA
1250 1399 1540 1506 INSULA.

1034 1643 1175 1756 Caput
1199 1643 1398 1726 imberba

981 1865 1029 1936 A.
1053 1854 1162 1936 intra
1181 1853 1281 1944 astri
1299 1849 1451 1933 radios.

1059 2057 1143 2124 Tab.
1169 2069 1197 2124 1.
1221 2057 1295 2148 Fig.
1321 2056 1371 2122 16.

608 2247 694 2330 Hic
709 2243 948 2330 nummulus
964 2243 1138 2327 forsitan
1153 2241 1251 2326 huie
1267 2241 1427 2326 insulae
1440 2239 1698 2338 tribuendus,
1716 2239 1823 2322 inter
1840 2233 1918 2321 Ce·
1997 2285 2001 2292 ·

522 2409 761 2520 phaleniam
777 2425 819 2492 et
830 2405 1021 2494 Ithacam
1034 2405 1137 2490 sitae
1144 2433 1156 2498 ;
1182 2429 1312 2520 quam
1323 2402 1543 2518 descripsit
1558 2399 1778 2486 Homerus.
1823 2397 1918 2480 Vide

522 2567 588 2653 Od
611 2597 641 2653 s.
670 2575 712 2654 4.

581 2599 776 2814 yAstmm
796 2728 1020 2816 adnomen
1039 2727 1229 2812 Asteriae
1248 2723 1424 2810 adludit.

863 3177 1220 3283 ATHENAE
1254 3115 1585 3281 Amrcasss

1031 3416 1176 3500 Facies
1202 3417 1417 3500 Medusae.

658 3631 797 3770 ΑΘβ.
856 3626 1051 3712 Minerva
1069 3627 1274 3738 gradiens,
1294 3627 1336 3708 d.
1357 3624 1520 3708 hastam
1531 3653 1544 3719 ;
1571 3653 1603 3707 s.
1622 3639 1804 3708 extensa.

1069 3813 1152 3880 Tab.
1178 3825 1207 3880 l.
1229 3813 1303 3902 Fig.
1330 3823 1380 3887 17.

614 3999 826 4083 Nummus
841 3999 911 4084 hic
925 4001 1144 4113 singularis
1160 4019 1235 4100 est,
1264 4017 1307 4084 et
1322 4017 1467 4086 notatu
1486 4001 1650 4112 dignus,
1679 3999 1794 4110 quod
1811 4001 1921 4084 anti·

529 4161 773 4271 quissimam
790 4161 982 4244 elementi
1002 4177 1029 4244 E
1049 4161 1229 4245 formam
1247 4163 1367 4246 nobis
1386 4161 1558 4245 exlribit.

612 4319 731 4404 Haec
755 4337 783 4404 Ε
808 4321 955 4420 forma,
983 4339 1030 4405 ut
1047 4323 1103 4420 ab
1120 4323 1458 4438 inscriptionibus
1476 4322 1722 4436 colligimus,
1750 4321 1921 4404 desueta

528 4499 629 4579 erat,
647 4482 815 4564 ineunte
824 4481 917 4592 jam
936 4483 1103 4566 saeculo
1118 4485 1267 4594 quinto
1279 4500 1377 4566 ante
1391 4481 1614 4582 Christum,
1633 4483 1698 4567 vel
1713 4483 1791 4566 sub
1806 4483 1919 4567 idem

527 4643 611 4727 fere
623 4660 814 4753 tempus:
844 4642 1113 4726 collocandus
1139 4660 1200 4726 est
1225 4644 1365 4756 igitur,
1393 4645 1500 4729 inter
1526 4646 1821 4729 vetustissimos
1851 4673 1920 4728 ae-

528 4831 627 4888 neos
660 4801 920 4888 Athenarum
947 4831 1155 4904 nummos,
1183 4805 1258 4916 qui
1285 4805 1340 4891 ad
1371 4825 1556 4892 nostram
1578 4823 1755 4892 aetatem
1775 4835 1918 4920 perve-

529 4981 689 5048 nerunt.
