5210 6768
1371 943 1438 1044 36

784 1225 879 1310 Liv.
902 1224 1000 1310 Lib.
1017 1232 1086 1321 39.
1107 1220 1213 1335 Cap.
1232 1227 1301 1307 44.

683 1368 688 1380 ’
787 1385 935 1468 Eodem
962 1413 1075 1483 oouo,
1095 1413 1227 1493 nempe
1249 1381 1300 1466 U.
1313 1379 1362 1464 C.
1383 1379 1481 1464 566.
1509 1382 1675 1463 coloniae
1704 1384 1819 1480 duae,
1846 1381 2032 1462 Potentia
2056 1381 2097 1461 io

705 1545 908 1644 Picenum,
926 1549 1134 1628 Pisaurum
1154 1547 1194 1628 iu
1213 1545 1409 1627 Gallicum
1428 1573 1567 1655 agrum
1587 1547 1775 1627 deductae
1794 1555 1895 1626 mul.

793 1707 901 1792 Plin.
923 1709 1019 1790 Lib.
1039 1716 1080 1790 3.

1174 1868 1382 1948 Pisaurum
1402 1894 1486 1946 eum
1506 1893 1629 1947 umore.
1689 1915 1697 1922 -

792 2027 925 2110 Pauci
945 2028 1065 2138 hujus
1085 2027 1198 2108 urbis
1217 2027 1377 2108 nummi
1396 2055 1448 2108 ex
1468 2053 1562 2108 aere
1576 2023 1692 2137 gravi
1709 2037 1866 2120 extant,
1885 2021 1928 2102 in
1948 2019 2099 2128 quibus

707 2193 809 2270 ΠΙΣ.
840 2187 1075 2298 retrograde
1107 2186 1268 2298 legitur.
1328 2185 1570 2268 Pellerinius
1599 2212 1731 2266 unum
1758 2199 1926 2273 tantum
1955 2180 2100 2264 tertiae

709 2345 868 2427 formae
895 2345 1097 2442 exhibuit,
1131 2373 1229 2427 cum
1257 2345 1396 2455 capite
1419 2345 1589 2456 juvenili
1619 2345 1782 2456 galeato
1810 2342 2027 2426 adversum
2057 2341 2100 2421 in

709 2508 851 2591 antica
869 2506 990 2605 facie,
1015 2525 1057 2590 et
1073 2507 1254 2590 Cerbero
1273 2505 1479 2616 gradienti
1499 2505 1541 2586 in
1562 2505 1705 2590 altera.
1763 2503 1930 2601 Noster,
1955 2501 2029 2614 qui
2048 2529 2100 2584 ex

710 2695 805 2754 aere
827 2696 955 2783 parvo
974 2685 1049 2768 est,
1067 2696 1094 2751 a
1114 2667 1228 2750 nullo
1249 2684 1419 2753 auctore
1437 2669 1562 2752 visus.

1063 3064 1302 3171 SACILI
1335 3063 1752 3168 HISPANIAE.

988 3305 1130 3420 Caput
1156 3309 1376 3390 barbatum
1401 3306 1554 3388 hedera
1579 3303 1829 3388 redimitum.

1088 3515 1297 3601 SACILI.
1355 3516 1504 3626 Equus
1523 3514 1727 3626 gradiens.

1242 3723 1325 3788 uus.
1346 3735 1379 3790 5.
1407 3725 1477 3813 ug.
1504 3733 1554 3790 10.

797 3908 851 3990 In
871 3921 1058 3990 coaventu
1076 3907 1312 3993 Cordubensi
1328 3911 1459 3992 Sacili.
1520 3907 1616 3990 Vid.
1638 3905 1747 3989 Plin.

799 4067 883 4151 Hic
915 4099 1111 4152 nummus
1137 4087 1179 4153 et
1211 4070 1371 4156 Bacchi
1403 4070 1556 4180 capite,
1589 4086 1630 4152 et
1661 4067 1784 4166 mole,
1816 4083 1944 4178 atque
1969 4069 2105 4178 operis

715 4229 935 4343 elegantia,
963 4232 1215 4344 conspicuus
1233 4248 1311 4316 est:
1343 4259 1421 4314 nec
1443 4229 1506 4314 Cl.
1535 4231 1733 4328 Florczio,
1752 4257 1829 4312 nec
1848 4229 1932 4312 alio
1950 4229 2108 4312 auctori

715 4405 852 4472 notus.
911 4385 990 4468 Est
1016 4387 1138 4496 primi
1166 4385 1340 4468 moduli.

801 4547 1005 4645 Quamvis
1022 4575 1215 4628 nummus
1234 4574 1426 4657 praesens
1445 4545 1500 4627 ad
1521 4562 1705 4628 nostram
1719 4547 1894 4631 classem
1913 4575 1998 4630 non
2016 4575 2109 4659 per-

717 4710 834 4805 tinet,
866 4725 1007 4792 tamen
1045 4725 1216 4820 propter
1253 4710 1339 4818 ejus
1376 4707 1523 4790 merita
1560 4705 1659 4790 huie
1694 4709 1812 4819 operi
1845 4707 2110 4791 inserendum

719 4869 874 4953 censui.
