5210 6768
1370 907 1437 1010 48

1138 1181 1229 1262 ΔΗ.
1251 1177 1293 1260 in
1321 1205 1479 1260 corona
1496 1177 1651 1260 laurea.

1253 1383 1337 1452 Tab.
1359 1383 1391 1454 6.
1414 1385 1487 1474 Fig.
1510 1394 1543 1458 7.

785 1571 1036 1682 Cycladum,
1050 1573 1241 1658 omnium
1257 1573 1501 1673 clarissima,
1519 1574 1664 1684 inqua
1676 1572 1841 1659 Latona
1853 1573 2093 1686 Apollinem

702 1753 744 1819 et
762 1735 950 1819 Dianam
969 1735 1112 1818 enixa:
1142 1735 1256 1821 unde
1275 1735 1355 1820 diis
1375 1735 1456 1819 illis
1476 1753 1654 1820 sacrata.

787 1897 922 2010 Hujus
936 1897 1096 1980 insulae
1110 1899 1270 1980 nummi
1286 1899 1453 2010 perrari.
1514 1897 1795 1982 Nummulum
1808 1897 1920 1980 hunc
1934 1896 2093 1979 editum

702 2087 786 2144 non
805 2059 906 2143 vidi.

1049 2380 1256 2486 NOLA
1302 2381 1756 2487 CAMPANIAE.

947 2618 1087 2730 Caput
1111 2621 1297 2704 imberba
1315 2620 1538 2734 galeatum.
1595 2619 1744 2734 Supra,
1764 2629 1861 2703 ΝΩ.

1001 2825 1146 2936 Eques
1166 2841 1348 2907 armatus
1371 2827 1613 2909 citatissime
1633 2828 1806 2911 vehitur.

1260 3033 1343 3100 Tan.
1366 3036 1397 3101 o.
1421 3035 1494 3123 sig.
1518 3047 1551 3103 a.
1695 3085 1699 3094 .

792 3223 862 3310 De
883 3224 962 3308 situ
983 3221 1103 3334 opidi
1121 3221 1181 3304 ita
1200 3221 1315 3304 canit
1333 3219 1456 3304 Silius
1477 3221 1547 3304 lib.
1574 3231 1638 3304 12.

875 3383 1021 3495 Campo
1042 3383 1148 3467 Nolo
1167 3385 1287 3482 sedet,
1306 3385 1448 3465 crebris
1464 3383 1704 3466 circumdato
1722 3385 1762 3465 in
1781 3385 1907 3467 orbem

875 3547 1077 3644 Turribus,
1098 3557 1137 3627 et
1152 3547 1248 3627 celso
1250 3543 1417 3653 facilem
1436 3555 1594 3627 tutatur
1612 3547 1715 3627 odiri

877 3707 1092 3791 Planitiem
1110 3707 1222 3789 vallo.

797 3866 976 3950 Nummi
1008 3865 1149 3950 Nolae
1175 3895 1362 3956 summae
1380 3867 1559 3950 raritatis
1574 3827 1688 3950 sunt.
1746 3868 1958 3956 Nummus
1983 3872 2104 3986 hujus

710 4029 826 4114 urbis
860 4057 1005 4116 aereus
1039 4028 1186 4112 tertiae
1216 4027 1517 4142 magnitudinis
1550 4029 1594 4112 in
1623 4057 1768 4115 museo
1798 4032 2106 4118 Pembrokiano

711 4192 860 4289 editus,
888 4192 964 4302 qui
988 4190 1166 4276 antehac
1192 4189 1355 4288 unicus,
1385 4191 1465 4274 nisi
1497 4208 1712 4304 suspectus
1741 4193 1975 4295 haberetur,
2005 4227 2105 4282 cum

713 4352 940 4466 epigraphe
969 4359 1236 4450 ΝΟΔΑΙΩΝ,
1251 4353 1447 4463 etcapite
1468 4352 1675 4463 Apollinis
1695 4357 1903 4468 utrinque.
1953 4358 2106 4444 Noster

715 4515 926 4599 secundae
945 4515 1104 4598 formae
1123 4529 1197 4597 est.

1018 4833 1411 4940 PERPEREN
1418 4833 1462 4937 E
1513 4833 1811 4942 MYSIAE.

774 5075 915 5188 Caput
946 5077 1162 5162 Minervae
1188 5077 1399 5190 galeatum
1427 5093 1597 5188 pectore
1623 5095 1756 5162 tenus.
1814 5079 1940 5182 Ante,
1970 5082 2056 5168 duo

1302 5254 1524 5349 serpentes.
